<?xml version="1.0" ?>
<ENVELOPE>
  <HEADER>
    <TALLYREQUEST>Import Data</TALLYREQUEST>
  </HEADER>
  <BODY>
    <IMPORTDATA>
      <REQUESTDESC>
        <REPORTNAME>Vouchers</REPORTNAME>
        <STATICVARIABLES>
          <SVCURRENTCOMPANY>My Company</SVCURRENTCOMPANY>
        </STATICVARIABLES>
      </REQUESTDESC>
      <REQUESTDATA>
        <TALLYMESSAGE xmlns:UDF="TallyUDF">
          <VOUCHER VCHTYPE="Payment" ACTION="Create">
            <DATE>20180402</DATE>
            <VOUCHERTYPENAME>Payment</VOUCHERTYPENAME>
            <NARRATION>MASIHAUTOMOBILEPO</NARRATION>
            <ALLLEDGERENTRIES.LIST>
              <LEDGERNAME>MASIHAUTOMOBILEPO</LEDGERNAME>
              <ISDEEMEDPOSITIVE>Yes</ISDEEMEDPOSITIVE>
              <AMOUNT>-130.0</AMOUNT>
            </ALLLEDGERENTRIES.LIST>
            <ALLLEDGERENTRIES.LIST>
              <LEDGERNAME>HDFC Bank</LEDGERNAME>
              <ISDEEMEDPOSITIVE>No</ISDEEMEDPOSITIVE>
              <AMOUNT>130.0</AMOUNT>
            </ALLLEDGERENTRIES.LIST>
          </VOUCHER>
        </TALLYMESSAGE>
        <TALLYMESSAGE xmlns:UDF="TallyUDF">
          <VOUCHER VCHTYPE="Receipt" ACTION="Create">
            <DATE>20180404</DATE>
            <VOUCHERTYPENAME>Receipt</VOUCHERTYPENAME>
            <NARRATION>MASIHAUT</NARRATION>
            <ALLLEDGERENTRIES.LIST>
              <LEDGERNAME>MASIHAUT</LEDGERNAME>
              <ISDEEMEDPOSITIVE>No</ISDEEMEDPOSITIVE>
              <AMOUNT>0.98</AMOUNT>
            </ALLLEDGERENTRIES.LIST>
            <ALLLEDGERENTRIES.LIST>
              <LEDGERNAME>HDFC Bank</LEDGERNAME>
              <ISDEEMEDPOSITIVE>Yes</ISDEEMEDPOSITIVE>
              <AMOUNT>-0.98</AMOUNT>
            </ALLLEDGERENTRIES.LIST>
          </VOUCHER>
        </TALLYMESSAGE>
        <TALLYMESSAGE xmlns:UDF="TallyUDF">
          <VOUCHER VCHTYPE="Payment" ACTION="Create">
            <DATE>20180405</DATE>
            <VOUCHERTYPENAME>Payment</VOUCHERTYPENAME>
            <NARRATION>HPCENTREMOTINPO</NARRATION>
            <ALLLEDGERENTRIES.LIST>
              <LEDGERNAME>HPCENTREMOTINPO</LEDGERNAME>
              <ISDEEMEDPOSITIVE>Yes</ISDEEMEDPOSITIVE>
              <AMOUNT>-130.0</AMOUNT>
            </ALLLEDGERENTRIES.LIST>
            <ALLLEDGERENTRIES.LIST>
              <LEDGERNAME>HDFC Bank</LEDGERNAME>
              <ISDEEMEDPOSITIVE>No</ISDEEMEDPOSITIVE>
              <AMOUNT>130.0</AMOUNT>
            </ALLLEDGERENTRIES.LIST>
          </VOUCHER>
        </TALLYMESSAGE>
        <TALLYMESSAGE xmlns:UDF="TallyUDF">
          <VOUCHER VCHTYPE="Payment" ACTION="Create">
            <DATE>20180405</DATE>
            <VOUCHERTYPENAME>Payment</VOUCHERTYPENAME>
            <NARRATION>UKARHEALTHCARE PO</NARRATION>
            <ALLLEDGERENTRIES.LIST>
              <LEDGERNAME>UKARHEALTHCARE PO</LEDGERNAME>
              <ISDEEMEDPOSITIVE>Yes</ISDEEMEDPOSITIVE>
              <AMOUNT>-500.0</AMOUNT>
            </ALLLEDGERENTRIES.LIST>
            <ALLLEDGERENTRIES.LIST>
              <LEDGERNAME>HDFC Bank</LEDGERNAME>
              <ISDEEMEDPOSITIVE>No</ISDEEMEDPOSITIVE>
              <AMOUNT>500.0</AMOUNT>
            </ALLLEDGERENTRIES.LIST>
          </VOUCHER>
        </TALLYMESSAGE>
        <TALLYMESSAGE xmlns:UDF="TallyUDF">
          <VOUCHER VCHTYPE="Payment" ACTION="Create">
            <DATE>20180406</DATE>
            <VOUCHERTYPENAME>Payment</VOUCHERTYPENAME>
            <NARRATION>ATM WITHDRAWAL DELHI</NARRATION>
            <ALLLEDGERENTRIES.LIST>
              <LEDGERNAME>ATM WITHDRAWAL DELHI</LEDGERNAME>
              <ISDEEMEDPOSITIVE>Yes</ISDEEMEDPOSITIVE>
              <AMOUNT>-4500.0</AMOUNT>
            </ALLLEDGERENTRIES.LIST>
            <ALLLEDGERENTRIES.LIST>
              <LEDGERNAME>HDFC Bank</LEDGERNAME>
              <ISDEEMEDPOSITIVE>No</ISDEEMEDPOSITIVE>
              <AMOUNT>4500.0</AMOUNT>
            </ALLLEDGERENTRIES.LIST>
          </VOUCHER>
        </TALLYMESSAGE>
        <TALLYMESSAGE xmlns:UDF="TallyUDF">
          <VOUCHER VCHTYPE="Receipt" ACTION="Create">
            <DATE>20180406</DATE>
            <VOUCHERTYPENAME>Receipt</VOUCHERTYPENAME>
            <NARRATION>SALARY CREDIT</NARRATION>
            <ALLLEDGERENTRIES.LIST>
              <LEDGERNAME>SALARY CREDIT</LEDGERNAME>
              <ISDEEMEDPOSITIVE>No</ISDEEMEDPOSITIVE>
              <AMOUNT>13887.0</AMOUNT>
            </ALLLEDGERENTRIES.LIST>
            <ALLLEDGERENTRIES.LIST>
              <LEDGERNAME>HDFC Bank</LEDGERNAME>
              <ISDEEMEDPOSITIVE>Yes</ISDEEMEDPOSITIVE>
              <AMOUNT>-13887.0</AMOUNT>
            </ALLLEDGERENTRIES.LIST>
          </VOUCHER>
        </TALLYMESSAGE>
        <TALLYMESSAGE xmlns:UDF="TallyUDF">
          <VOUCHER VCHTYPE="Payment" ACTION="Create">
            <DATE>20180407</DATE>
            <VOUCHERTYPENAME>Payment</VOUCHERTYPENAME>
            <NARRATION>UKARHEALTHCARE PO</NARRATION>
            <ALLLEDGERENTRIES.LIST>
              <LEDGERNAME>UKARHEALTHCARE PO</LEDGERNAME>
              <ISDEEMEDPOSITIVE>Yes</ISDEEMEDPOSITIVE>
              <AMOUNT>-150.0</AMOUNT>
            </ALLLEDGERENTRIES.LIST>
            <ALLLEDGERENTRIES.LIST>
              <LEDGERNAME>HDFC Bank</LEDGERNAME>
              <ISDEEMEDPOSITIVE>No</ISDEEMEDPOSITIVE>
              <AMOUNT>150.0</AMOUNT>
            </ALLLEDGERENTRIES.LIST>
          </VOUCHER>
        </TALLYMESSAGE>
        <TALLYMESSAGE xmlns:UDF="TallyUDF">
          <VOUCHER VCHTYPE="Payment" ACTION="Create">
            <DATE>20180409</DATE>
            <VOUCHERTYPENAME>Payment</VOUCHERTYPENAME>
            <NARRATION>DEEPAKMOTORSPOSD</NARRATION>
            <ALLLEDGERENTRIES.LIST>
              <LEDGERNAME>DEEPAKMOTORSPOSD</LEDGERNAME>
              <ISDEEMEDPOSITIVE>Yes</ISDEEMEDPOSITIVE>
              <AMOUNT>-210.0</AMOUNT>
            </ALLLEDGERENTRIES.LIST>
            <ALLLEDGERENTRIES.LIST>
              <LEDGERNAME>HDFC Bank</LEDGERNAME>
              <ISDEEMEDPOSITIVE>No</ISDEEMEDPOSITIVE>
              <AMOUNT>210.0</AMOUNT>
            </ALLLEDGERENTRIES.LIST>
          </VOUCHER>
        </TALLYMESSAGE>
        <TALLYMESSAGE xmlns:UDF="TallyUDF">
          <VOUCHER VCHTYPE="Payment" ACTION="Create">
            <DATE>20180409</DATE>
            <VOUCHERTYPENAME>Payment</VOUCHERTYPENAME>
            <NARRATION>ATM WITHDRAWAL DELHI</NARRATION>
            <ALLLEDGERENTRIES.LIST>
              <LEDGERNAME>ATM WITHDRAWAL DELHI</LEDGERNAME>
              <ISDEEMEDPOSITIVE>Yes</ISDEEMEDPOSITIVE>
              <AMOUNT>-13500.0</AMOUNT>
            </ALLLEDGERENTRIES.LIST>
            <ALLLEDGERENTRIES.LIST>
              <LEDGERNAME>HDFC Bank</LEDGERNAME>
              <ISDEEMEDPOSITIVE>No</ISDEEMEDPOSITIVE>
              <AMOUNT>13500.0</AMOUNT>
            </ALLLEDGERENTRIES.LIST>
          </VOUCHER>
        </TALLYMESSAGE>
        <TALLYMESSAGE xmlns:UDF="TallyUDF">
          <VOUCHER VCHTYPE="Receipt" ACTION="Create">
            <DATE>20180409</DATE>
            <VOUCHERTYPENAME>Receipt</VOUCHERTYPENAME>
            <NARRATION>HPCL0 75%CASH</NARRATION>
            <ALLLEDGERENTRIES.LIST>
              <LEDGERNAME>HPCL0 75%CASH</LEDGERNAME>
              <ISDEEMEDPOSITIVE>No</ISDEEMEDPOSITIVE>
              <AMOUNT>0.98</AMOUNT>
            </ALLLEDGERENTRIES.LIST>
            <ALLLEDGERENTRIES.LIST>
              <LEDGERNAME>HDFC Bank</LEDGERNAME>
              <ISDEEMEDPOSITIVE>Yes</ISDEEMEDPOSITIVE>
              <AMOUNT>-0.98</AMOUNT>
            </ALLLEDGERENTRIES.LIST>
          </VOUCHER>
        </TALLYMESSAGE>
        <TALLYMESSAGE xmlns:UDF="TallyUDF">
          <VOUCHER VCHTYPE="Payment" ACTION="Create">
            <DATE>20180410</DATE>
            <VOUCHERTYPENAME>Payment</VOUCHERTYPENAME>
            <NARRATION>UKARHEALTHCARE PO</NARRATION>
            <ALLLEDGERENTRIES.LIST>
              <LEDGERNAME>UKARHEALTHCARE PO</LEDGERNAME>
              <ISDEEMEDPOSITIVE>Yes</ISDEEMEDPOSITIVE>
              <AMOUNT>-300.0</AMOUNT>
            </ALLLEDGERENTRIES.LIST>
            <ALLLEDGERENTRIES.LIST>
              <LEDGERNAME>HDFC Bank</LEDGERNAME>
              <ISDEEMEDPOSITIVE>No</ISDEEMEDPOSITIVE>
              <AMOUNT>300.0</AMOUNT>
            </ALLLEDGERENTRIES.LIST>
          </VOUCHER>
        </TALLYMESSAGE>
        <TALLYMESSAGE xmlns:UDF="TallyUDF">
          <VOUCHER VCHTYPE="Receipt" ACTION="Create">
            <DATE>20180507</DATE>
            <VOUCHERTYPENAME>Receipt</VOUCHERTYPENAME>
            <NARRATION>SALARY SIZWAN</NARRATION>
            <ALLLEDGERENTRIES.LIST>
              <LEDGERNAME>SALARY SIZWAN</LEDGERNAME>
              <ISDEEMEDPOSITIVE>No</ISDEEMEDPOSITIVE>
              <AMOUNT>13887.0</AMOUNT>
            </ALLLEDGERENTRIES.LIST>
            <ALLLEDGERENTRIES.LIST>
              <LEDGERNAME>HDFC Bank</LEDGERNAME>
              <ISDEEMEDPOSITIVE>Yes</ISDEEMEDPOSITIVE>
              <AMOUNT>-13887.0</AMOUNT>
            </ALLLEDGERENTRIES.LIST>
          </VOUCHER>
        </TALLYMESSAGE>
        <TALLYMESSAGE xmlns:UDF="TallyUDF">
          <VOUCHER VCHTYPE="Payment" ACTION="Create">
            <DATE>20180507</DATE>
            <VOUCHERTYPENAME>Payment</VOUCHERTYPENAME>
            <NARRATION>UKARHEALTHCARE PO</NARRATION>
            <ALLLEDGERENTRIES.LIST>
              <LEDGERNAME>UKARHEALTHCARE PO</LEDGERNAME>
              <ISDEEMEDPOSITIVE>Yes</ISDEEMEDPOSITIVE>
              <AMOUNT>-300.0</AMOUNT>
            </ALLLEDGERENTRIES.LIST>
            <ALLLEDGERENTRIES.LIST>
              <LEDGERNAME>HDFC Bank</LEDGERNAME>
              <ISDEEMEDPOSITIVE>No</ISDEEMEDPOSITIVE>
              <AMOUNT>300.0</AMOUNT>
            </ALLLEDGERENTRIES.LIST>
          </VOUCHER>
        </TALLYMESSAGE>
        <TALLYMESSAGE xmlns:UDF="TallyUDF">
          <VOUCHER VCHTYPE="Payment" ACTION="Create">
            <DATE>20180507</DATE>
            <VOUCHERTYPENAME>Payment</VOUCHERTYPENAME>
            <NARRATION>UKARHEALTHCARE PO</NARRATION>
            <ALLLEDGERENTRIES.LIST>
              <LEDGERNAME>UKARHEALTHCARE PO</LEDGERNAME>
              <ISDEEMEDPOSITIVE>Yes</ISDEEMEDPOSITIVE>
              <AMOUNT>-500.0</AMOUNT>
            </ALLLEDGERENTRIES.LIST>
            <ALLLEDGERENTRIES.LIST>
              <LEDGERNAME>HDFC Bank</LEDGERNAME>
              <ISDEEMEDPOSITIVE>No</ISDEEMEDPOSITIVE>
              <AMOUNT>500.0</AMOUNT>
            </ALLLEDGERENTRIES.LIST>
          </VOUCHER>
        </TALLYMESSAGE>
        <TALLYMESSAGE xmlns:UDF="TallyUDF">
          <VOUCHER VCHTYPE="Payment" ACTION="Create">
            <DATE>20180508</DATE>
            <VOUCHERTYPENAME>Payment</VOUCHERTYPENAME>
            <NARRATION>ATM WITHDRAWAL GHAZIABAD</NARRATION>
            <ALLLEDGERENTRIES.LIST>
              <LEDGERNAME>ATM WITHDRAWAL GHAZIABAD</LEDGERNAME>
              <ISDEEMEDPOSITIVE>Yes</ISDEEMEDPOSITIVE>
              <AMOUNT>-500.0</AMOUNT>
            </ALLLEDGERENTRIES.LIST>
            <ALLLEDGERENTRIES.LIST>
              <LEDGERNAME>HDFC Bank</LEDGERNAME>
              <ISDEEMEDPOSITIVE>No</ISDEEMEDPOSITIVE>
              <AMOUNT>500.0</AMOUNT>
            </ALLLEDGERENTRIES.LIST>
          </VOUCHER>
        </TALLYMESSAGE>
        <TALLYMESSAGE xmlns:UDF="TallyUDF">
          <VOUCHER VCHTYPE="Receipt" ACTION="Create">
            <DATE>20180509</DATE>
            <VOUCHERTYPENAME>Receipt</VOUCHERTYPENAME>
            <NARRATION>,AMAN</NARRATION>
            <ALLLEDGERENTRIES.LIST>
              <LEDGERNAME>,AMAN</LEDGERNAME>
              <ISDEEMEDPOSITIVE>No</ISDEEMEDPOSITIVE>
              <AMOUNT>50000.0</AMOUNT>
            </ALLLEDGERENTRIES.LIST>
            <ALLLEDGERENTRIES.LIST>
              <LEDGERNAME>HDFC Bank</LEDGERNAME>
              <ISDEEMEDPOSITIVE>Yes</ISDEEMEDPOSITIVE>
              <AMOUNT>-50000.0</AMOUNT>
            </ALLLEDGERENTRIES.LIST>
          </VOUCHER>
        </TALLYMESSAGE>
        <TALLYMESSAGE xmlns:UDF="TallyUDF">
          <VOUCHER VCHTYPE="Payment" ACTION="Create">
            <DATE>20180509</DATE>
            <VOUCHERTYPENAME>Payment</VOUCHERTYPENAME>
            <NARRATION>DFCBANK</NARRATION>
            <ALLLEDGERENTRIES.LIST>
              <LEDGERNAME>DFCBANK</LEDGERNAME>
              <ISDEEMEDPOSITIVE>Yes</ISDEEMEDPOSITIVE>
              <AMOUNT>-1.0</AMOUNT>
            </ALLLEDGERENTRIES.LIST>
            <ALLLEDGERENTRIES.LIST>
              <LEDGERNAME>HDFC Bank</LEDGERNAME>
              <ISDEEMEDPOSITIVE>No</ISDEEMEDPOSITIVE>
              <AMOUNT>1.0</AMOUNT>
            </ALLLEDGERENTRIES.LIST>
          </VOUCHER>
        </TALLYMESSAGE>
        <TALLYMESSAGE xmlns:UDF="TallyUDF">
          <VOUCHER VCHTYPE="Payment" ACTION="Create">
            <DATE>20180509</DATE>
            <VOUCHERTYPENAME>Payment</VOUCHERTYPENAME>
            <NARRATION>UKARHEALTHCARE PO</NARRATION>
            <ALLLEDGERENTRIES.LIST>
              <LEDGERNAME>UKARHEALTHCARE PO</LEDGERNAME>
              <ISDEEMEDPOSITIVE>Yes</ISDEEMEDPOSITIVE>
              <AMOUNT>-2000.0</AMOUNT>
            </ALLLEDGERENTRIES.LIST>
            <ALLLEDGERENTRIES.LIST>
              <LEDGERNAME>HDFC Bank</LEDGERNAME>
              <ISDEEMEDPOSITIVE>No</ISDEEMEDPOSITIVE>
              <AMOUNT>2000.0</AMOUNT>
            </ALLLEDGERENTRIES.LIST>
          </VOUCHER>
        </TALLYMESSAGE>
        <TALLYMESSAGE xmlns:UDF="TallyUDF">
          <VOUCHER VCHTYPE="Payment" ACTION="Create">
            <DATE>20180509</DATE>
            <VOUCHERTYPENAME>Payment</VOUCHERTYPENAME>
            <NARRATION>ATM WITHDRAWAL DELHI</NARRATION>
            <ALLLEDGERENTRIES.LIST>
              <LEDGERNAME>ATM WITHDRAWAL DELHI</LEDGERNAME>
              <ISDEEMEDPOSITIVE>Yes</ISDEEMEDPOSITIVE>
              <AMOUNT>-25000.0</AMOUNT>
            </ALLLEDGERENTRIES.LIST>
            <ALLLEDGERENTRIES.LIST>
              <LEDGERNAME>HDFC Bank</LEDGERNAME>
              <ISDEEMEDPOSITIVE>No</ISDEEMEDPOSITIVE>
              <AMOUNT>25000.0</AMOUNT>
            </ALLLEDGERENTRIES.LIST>
          </VOUCHER>
        </TALLYMESSAGE>
        <TALLYMESSAGE xmlns:UDF="TallyUDF">
          <VOUCHER VCHTYPE="Payment" ACTION="Create">
            <DATE>20180509</DATE>
            <VOUCHERTYPENAME>Payment</VOUCHERTYPENAME>
            <NARRATION>ATM WITHDRAWAL DELHI</NARRATION>
            <ALLLEDGERENTRIES.LIST>
              <LEDGERNAME>ATM WITHDRAWAL DELHI</LEDGERNAME>
              <ISDEEMEDPOSITIVE>Yes</ISDEEMEDPOSITIVE>
              <AMOUNT>-5000.0</AMOUNT>
            </ALLLEDGERENTRIES.LIST>
            <ALLLEDGERENTRIES.LIST>
              <LEDGERNAME>HDFC Bank</LEDGERNAME>
              <ISDEEMEDPOSITIVE>No</ISDEEMEDPOSITIVE>
              <AMOUNT>5000.0</AMOUNT>
            </ALLLEDGERENTRIES.LIST>
          </VOUCHER>
        </TALLYMESSAGE>
        <TALLYMESSAGE xmlns:UDF="TallyUDF">
          <VOUCHER VCHTYPE="Payment" ACTION="Create">
            <DATE>20180510</DATE>
            <VOUCHERTYPENAME>Payment</VOUCHERTYPENAME>
            <NARRATION>ATM WITHDRAWAL DELHI</NARRATION>
            <ALLLEDGERENTRIES.LIST>
              <LEDGERNAME>ATM WITHDRAWAL DELHI</LEDGERNAME>
              <ISDEEMEDPOSITIVE>Yes</ISDEEMEDPOSITIVE>
              <AMOUNT>-11000.0</AMOUNT>
            </ALLLEDGERENTRIES.LIST>
            <ALLLEDGERENTRIES.LIST>
              <LEDGERNAME>HDFC Bank</LEDGERNAME>
              <ISDEEMEDPOSITIVE>No</ISDEEMEDPOSITIVE>
              <AMOUNT>11000.0</AMOUNT>
            </ALLLEDGERENTRIES.LIST>
          </VOUCHER>
        </TALLYMESSAGE>
        <TALLYMESSAGE xmlns:UDF="TallyUDF">
          <VOUCHER VCHTYPE="Payment" ACTION="Create">
            <DATE>20180510</DATE>
            <VOUCHERTYPENAME>Payment</VOUCHERTYPENAME>
            <NARRATION>PAYTM</NARRATION>
            <ALLLEDGERENTRIES.LIST>
              <LEDGERNAME>PAYTM</LEDGERNAME>
              <ISDEEMEDPOSITIVE>Yes</ISDEEMEDPOSITIVE>
              <AMOUNT>-210.0</AMOUNT>
            </ALLLEDGERENTRIES.LIST>
            <ALLLEDGERENTRIES.LIST>
              <LEDGERNAME>HDFC Bank</LEDGERNAME>
              <ISDEEMEDPOSITIVE>No</ISDEEMEDPOSITIVE>
              <AMOUNT>210.0</AMOUNT>
            </ALLLEDGERENTRIES.LIST>
          </VOUCHER>
        </TALLYMESSAGE>
        <TALLYMESSAGE xmlns:UDF="TallyUDF">
          <VOUCHER VCHTYPE="Payment" ACTION="Create">
            <DATE>20180512</DATE>
            <VOUCHERTYPENAME>Payment</VOUCHERTYPENAME>
            <NARRATION>DEEPFUELCENTREPO</NARRATION>
            <ALLLEDGERENTRIES.LIST>
              <LEDGERNAME>DEEPFUELCENTREPO</LEDGERNAME>
              <ISDEEMEDPOSITIVE>Yes</ISDEEMEDPOSITIVE>
              <AMOUNT>-170.0</AMOUNT>
            </ALLLEDGERENTRIES.LIST>
            <ALLLEDGERENTRIES.LIST>
              <LEDGERNAME>HDFC Bank</LEDGERNAME>
              <ISDEEMEDPOSITIVE>No</ISDEEMEDPOSITIVE>
              <AMOUNT>170.0</AMOUNT>
            </ALLLEDGERENTRIES.LIST>
          </VOUCHER>
        </TALLYMESSAGE>
        <TALLYMESSAGE xmlns:UDF="TallyUDF">
          <VOUCHER VCHTYPE="Payment" ACTION="Create">
            <DATE>20180513</DATE>
            <VOUCHERTYPENAME>Payment</VOUCHERTYPENAME>
            <NARRATION>UKARHEALTHCARE PO</NARRATION>
            <ALLLEDGERENTRIES.LIST>
              <LEDGERNAME>UKARHEALTHCARE PO</LEDGERNAME>
              <ISDEEMEDPOSITIVE>Yes</ISDEEMEDPOSITIVE>
              <AMOUNT>-200.0</AMOUNT>
            </ALLLEDGERENTRIES.LIST>
            <ALLLEDGERENTRIES.LIST>
              <LEDGERNAME>HDFC Bank</LEDGERNAME>
              <ISDEEMEDPOSITIVE>No</ISDEEMEDPOSITIVE>
              <AMOUNT>200.0</AMOUNT>
            </ALLLEDGERENTRIES.LIST>
          </VOUCHER>
        </TALLYMESSAGE>
        <TALLYMESSAGE xmlns:UDF="TallyUDF">
          <VOUCHER VCHTYPE="Payment" ACTION="Create">
            <DATE>20180514</DATE>
            <VOUCHERTYPENAME>Payment</VOUCHERTYPENAME>
            <NARRATION>UKARHEALTHCARE PO</NARRATION>
            <ALLLEDGERENTRIES.LIST>
              <LEDGERNAME>UKARHEALTHCARE PO</LEDGERNAME>
              <ISDEEMEDPOSITIVE>Yes</ISDEEMEDPOSITIVE>
              <AMOUNT>-500.0</AMOUNT>
            </ALLLEDGERENTRIES.LIST>
            <ALLLEDGERENTRIES.LIST>
              <LEDGERNAME>HDFC Bank</LEDGERNAME>
              <ISDEEMEDPOSITIVE>No</ISDEEMEDPOSITIVE>
              <AMOUNT>500.0</AMOUNT>
            </ALLLEDGERENTRIES.LIST>
          </VOUCHER>
        </TALLYMESSAGE>
        <TALLYMESSAGE xmlns:UDF="TallyUDF">
          <VOUCHER VCHTYPE="Receipt" ACTION="Create">
            <DATE>20180515</DATE>
            <VOUCHERTYPENAME>Receipt</VOUCHERTYPENAME>
            <NARRATION>HPCL0 75%CASH</NARRATION>
            <ALLLEDGERENTRIES.LIST>
              <LEDGERNAME>HPCL0 75%CASH</LEDGERNAME>
              <ISDEEMEDPOSITIVE>No</ISDEEMEDPOSITIVE>
              <AMOUNT>1.28</AMOUNT>
            </ALLLEDGERENTRIES.LIST>
            <ALLLEDGERENTRIES.LIST>
              <LEDGERNAME>HDFC Bank</LEDGERNAME>
              <ISDEEMEDPOSITIVE>Yes</ISDEEMEDPOSITIVE>
              <AMOUNT>-1.28</AMOUNT>
            </ALLLEDGERENTRIES.LIST>
          </VOUCHER>
        </TALLYMESSAGE>
        <TALLYMESSAGE xmlns:UDF="TallyUDF">
          <VOUCHER VCHTYPE="Payment" ACTION="Create">
            <DATE>20180516</DATE>
            <VOUCHERTYPENAME>Payment</VOUCHERTYPENAME>
            <NARRATION>ATM WITHDRAWAL DELHI</NARRATION>
            <ALLLEDGERENTRIES.LIST>
              <LEDGERNAME>ATM WITHDRAWAL DELHI</LEDGERNAME>
              <ISDEEMEDPOSITIVE>Yes</ISDEEMEDPOSITIVE>
              <AMOUNT>-18000.0</AMOUNT>
            </ALLLEDGERENTRIES.LIST>
            <ALLLEDGERENTRIES.LIST>
              <LEDGERNAME>HDFC Bank</LEDGERNAME>
              <ISDEEMEDPOSITIVE>No</ISDEEMEDPOSITIVE>
              <AMOUNT>18000.0</AMOUNT>
            </ALLLEDGERENTRIES.LIST>
          </VOUCHER>
        </TALLYMESSAGE>
        <TALLYMESSAGE xmlns:UDF="TallyUDF">
          <VOUCHER VCHTYPE="Payment" ACTION="Create">
            <DATE>20180517</DATE>
            <VOUCHERTYPENAME>Payment</VOUCHERTYPENAME>
            <NARRATION>PAYTM</NARRATION>
            <ALLLEDGERENTRIES.LIST>
              <LEDGERNAME>PAYTM</LEDGERNAME>
              <ISDEEMEDPOSITIVE>Yes</ISDEEMEDPOSITIVE>
              <AMOUNT>-200.0</AMOUNT>
            </ALLLEDGERENTRIES.LIST>
            <ALLLEDGERENTRIES.LIST>
              <LEDGERNAME>HDFC Bank</LEDGERNAME>
              <ISDEEMEDPOSITIVE>No</ISDEEMEDPOSITIVE>
              <AMOUNT>200.0</AMOUNT>
            </ALLLEDGERENTRIES.LIST>
          </VOUCHER>
        </TALLYMESSAGE>
        <TALLYMESSAGE xmlns:UDF="TallyUDF">
          <VOUCHER VCHTYPE="Payment" ACTION="Create">
            <DATE>20180517</DATE>
            <VOUCHERTYPENAME>Payment</VOUCHERTYPENAME>
            <NARRATION>UKARHEALTHCARE PO</NARRATION>
            <ALLLEDGERENTRIES.LIST>
              <LEDGERNAME>UKARHEALTHCARE PO</LEDGERNAME>
              <ISDEEMEDPOSITIVE>Yes</ISDEEMEDPOSITIVE>
              <AMOUNT>-200.0</AMOUNT>
            </ALLLEDGERENTRIES.LIST>
            <ALLLEDGERENTRIES.LIST>
              <LEDGERNAME>HDFC Bank</LEDGERNAME>
              <ISDEEMEDPOSITIVE>No</ISDEEMEDPOSITIVE>
              <AMOUNT>200.0</AMOUNT>
            </ALLLEDGERENTRIES.LIST>
          </VOUCHER>
        </TALLYMESSAGE>
        <TALLYMESSAGE xmlns:UDF="TallyUDF">
          <VOUCHER VCHTYPE="Payment" ACTION="Create">
            <DATE>20180519</DATE>
            <VOUCHERTYPENAME>Payment</VOUCHERTYPENAME>
            <NARRATION>MASIHAUTOMOBILEPO</NARRATION>
            <ALLLEDGERENTRIES.LIST>
              <LEDGERNAME>MASIHAUTOMOBILEPO</LEDGERNAME>
              <ISDEEMEDPOSITIVE>Yes</ISDEEMEDPOSITIVE>
              <AMOUNT>-95.0</AMOUNT>
            </ALLLEDGERENTRIES.LIST>
            <ALLLEDGERENTRIES.LIST>
              <LEDGERNAME>HDFC Bank</LEDGERNAME>
              <ISDEEMEDPOSITIVE>No</ISDEEMEDPOSITIVE>
              <AMOUNT>95.0</AMOUNT>
            </ALLLEDGERENTRIES.LIST>
          </VOUCHER>
        </TALLYMESSAGE>
        <TALLYMESSAGE xmlns:UDF="TallyUDF">
          <VOUCHER VCHTYPE="Receipt" ACTION="Create">
            <DATE>20180521</DATE>
            <VOUCHERTYPENAME>Receipt</VOUCHERTYPENAME>
            <NARRATION>MASIHAUT</NARRATION>
            <ALLLEDGERENTRIES.LIST>
              <LEDGERNAME>MASIHAUT</LEDGERNAME>
              <ISDEEMEDPOSITIVE>No</ISDEEMEDPOSITIVE>
              <AMOUNT>0.71</AMOUNT>
            </ALLLEDGERENTRIES.LIST>
            <ALLLEDGERENTRIES.LIST>
              <LEDGERNAME>HDFC Bank</LEDGERNAME>
              <ISDEEMEDPOSITIVE>Yes</ISDEEMEDPOSITIVE>
              <AMOUNT>-0.71</AMOUNT>
            </ALLLEDGERENTRIES.LIST>
          </VOUCHER>
        </TALLYMESSAGE>
        <TALLYMESSAGE xmlns:UDF="TallyUDF">
          <VOUCHER VCHTYPE="Receipt" ACTION="Create">
            <DATE>20180604</DATE>
            <VOUCHERTYPENAME>Receipt</VOUCHERTYPENAME>
            <NARRATION>SALARY SIZWAN</NARRATION>
            <ALLLEDGERENTRIES.LIST>
              <LEDGERNAME>SALARY SIZWAN</LEDGERNAME>
              <ISDEEMEDPOSITIVE>No</ISDEEMEDPOSITIVE>
              <AMOUNT>18690.0</AMOUNT>
            </ALLLEDGERENTRIES.LIST>
            <ALLLEDGERENTRIES.LIST>
              <LEDGERNAME>HDFC Bank</LEDGERNAME>
              <ISDEEMEDPOSITIVE>Yes</ISDEEMEDPOSITIVE>
              <AMOUNT>-18690.0</AMOUNT>
            </ALLLEDGERENTRIES.LIST>
          </VOUCHER>
        </TALLYMESSAGE>
        <TALLYMESSAGE xmlns:UDF="TallyUDF">
          <VOUCHER VCHTYPE="Payment" ACTION="Create">
            <DATE>20180604</DATE>
            <VOUCHERTYPENAME>Payment</VOUCHERTYPENAME>
            <NARRATION>ATM WITHDRAWAL 00691225 DELHI</NARRATION>
            <ALLLEDGERENTRIES.LIST>
              <LEDGERNAME>ATM WITHDRAWAL 00691225 DELHI</LEDGERNAME>
              <ISDEEMEDPOSITIVE>Yes</ISDEEMEDPOSITIVE>
              <AMOUNT>-5500.0</AMOUNT>
            </ALLLEDGERENTRIES.LIST>
            <ALLLEDGERENTRIES.LIST>
              <LEDGERNAME>HDFC Bank</LEDGERNAME>
              <ISDEEMEDPOSITIVE>No</ISDEEMEDPOSITIVE>
              <AMOUNT>5500.0</AMOUNT>
            </ALLLEDGERENTRIES.LIST>
          </VOUCHER>
        </TALLYMESSAGE>
        <TALLYMESSAGE xmlns:UDF="TallyUDF">
          <VOUCHER VCHTYPE="Payment" ACTION="Create">
            <DATE>20180606</DATE>
            <VOUCHERTYPENAME>Payment</VOUCHERTYPENAME>
            <NARRATION>ATM WITHDRAWAL DELHI</NARRATION>
            <ALLLEDGERENTRIES.LIST>
              <LEDGERNAME>ATM WITHDRAWAL DELHI</LEDGERNAME>
              <ISDEEMEDPOSITIVE>Yes</ISDEEMEDPOSITIVE>
              <AMOUNT>-5500.0</AMOUNT>
            </ALLLEDGERENTRIES.LIST>
            <ALLLEDGERENTRIES.LIST>
              <LEDGERNAME>HDFC Bank</LEDGERNAME>
              <ISDEEMEDPOSITIVE>No</ISDEEMEDPOSITIVE>
              <AMOUNT>5500.0</AMOUNT>
            </ALLLEDGERENTRIES.LIST>
          </VOUCHER>
        </TALLYMESSAGE>
        <TALLYMESSAGE xmlns:UDF="TallyUDF">
          <VOUCHER VCHTYPE="Payment" ACTION="Create">
            <DATE>20180609</DATE>
            <VOUCHERTYPENAME>Payment</VOUCHERTYPENAME>
            <NARRATION>HPCENTREMOTINPO</NARRATION>
            <ALLLEDGERENTRIES.LIST>
              <LEDGERNAME>HPCENTREMOTINPO</LEDGERNAME>
              <ISDEEMEDPOSITIVE>Yes</ISDEEMEDPOSITIVE>
              <AMOUNT>-170.0</AMOUNT>
            </ALLLEDGERENTRIES.LIST>
            <ALLLEDGERENTRIES.LIST>
              <LEDGERNAME>HDFC Bank</LEDGERNAME>
              <ISDEEMEDPOSITIVE>No</ISDEEMEDPOSITIVE>
              <AMOUNT>170.0</AMOUNT>
            </ALLLEDGERENTRIES.LIST>
          </VOUCHER>
        </TALLYMESSAGE>
        <TALLYMESSAGE xmlns:UDF="TallyUDF">
          <VOUCHER VCHTYPE="Payment" ACTION="Create">
            <DATE>20180609</DATE>
            <VOUCHERTYPENAME>Payment</VOUCHERTYPENAME>
            <NARRATION>ATM WITHDRAWAL NEWDELHI</NARRATION>
            <ALLLEDGERENTRIES.LIST>
              <LEDGERNAME>ATM WITHDRAWAL NEWDELHI</LEDGERNAME>
              <ISDEEMEDPOSITIVE>Yes</ISDEEMEDPOSITIVE>
              <AMOUNT>-5000.0</AMOUNT>
            </ALLLEDGERENTRIES.LIST>
            <ALLLEDGERENTRIES.LIST>
              <LEDGERNAME>HDFC Bank</LEDGERNAME>
              <ISDEEMEDPOSITIVE>No</ISDEEMEDPOSITIVE>
              <AMOUNT>5000.0</AMOUNT>
            </ALLLEDGERENTRIES.LIST>
          </VOUCHER>
        </TALLYMESSAGE>
        <TALLYMESSAGE xmlns:UDF="TallyUDF">
          <VOUCHER VCHTYPE="Receipt" ACTION="Create">
            <DATE>20180612</DATE>
            <VOUCHERTYPENAME>Receipt</VOUCHERTYPENAME>
            <NARRATION>DISCOUNTONFUE</NARRATION>
            <ALLLEDGERENTRIES.LIST>
              <LEDGERNAME>DISCOUNTONFUE</LEDGERNAME>
              <ISDEEMEDPOSITIVE>No</ISDEEMEDPOSITIVE>
              <AMOUNT>1.58</AMOUNT>
            </ALLLEDGERENTRIES.LIST>
            <ALLLEDGERENTRIES.LIST>
              <LEDGERNAME>HDFC Bank</LEDGERNAME>
              <ISDEEMEDPOSITIVE>Yes</ISDEEMEDPOSITIVE>
              <AMOUNT>-1.58</AMOUNT>
            </ALLLEDGERENTRIES.LIST>
          </VOUCHER>
        </TALLYMESSAGE>
        <TALLYMESSAGE xmlns:UDF="TallyUDF">
          <VOUCHER VCHTYPE="Payment" ACTION="Create">
            <DATE>20180612</DATE>
            <VOUCHERTYPENAME>Payment</VOUCHERTYPENAME>
            <NARRATION>UKARHEALTHCARE PO</NARRATION>
            <ALLLEDGERENTRIES.LIST>
              <LEDGERNAME>UKARHEALTHCARE PO</LEDGERNAME>
              <ISDEEMEDPOSITIVE>Yes</ISDEEMEDPOSITIVE>
              <AMOUNT>-2000.0</AMOUNT>
            </ALLLEDGERENTRIES.LIST>
            <ALLLEDGERENTRIES.LIST>
              <LEDGERNAME>HDFC Bank</LEDGERNAME>
              <ISDEEMEDPOSITIVE>No</ISDEEMEDPOSITIVE>
              <AMOUNT>2000.0</AMOUNT>
            </ALLLEDGERENTRIES.LIST>
          </VOUCHER>
        </TALLYMESSAGE>
        <TALLYMESSAGE xmlns:UDF="TallyUDF">
          <VOUCHER VCHTYPE="Receipt" ACTION="Create">
            <DATE>20180612</DATE>
            <VOUCHERTYPENAME>Receipt</VOUCHERTYPENAME>
            <NARRATION>HPCL0 75%CASH</NARRATION>
            <ALLLEDGERENTRIES.LIST>
              <LEDGERNAME>HPCL0 75%CASH</LEDGERNAME>
              <ISDEEMEDPOSITIVE>No</ISDEEMEDPOSITIVE>
              <AMOUNT>1.28</AMOUNT>
            </ALLLEDGERENTRIES.LIST>
            <ALLLEDGERENTRIES.LIST>
              <LEDGERNAME>HDFC Bank</LEDGERNAME>
              <ISDEEMEDPOSITIVE>Yes</ISDEEMEDPOSITIVE>
              <AMOUNT>-1.28</AMOUNT>
            </ALLLEDGERENTRIES.LIST>
          </VOUCHER>
        </TALLYMESSAGE>
        <TALLYMESSAGE xmlns:UDF="TallyUDF">
          <VOUCHER VCHTYPE="Payment" ACTION="Create">
            <DATE>20180614</DATE>
            <VOUCHERTYPENAME>Payment</VOUCHERTYPENAME>
            <NARRATION>UKARHEALTHCARE PO</NARRATION>
            <ALLLEDGERENTRIES.LIST>
              <LEDGERNAME>UKARHEALTHCARE PO</LEDGERNAME>
              <ISDEEMEDPOSITIVE>Yes</ISDEEMEDPOSITIVE>
              <AMOUNT>-200.0</AMOUNT>
            </ALLLEDGERENTRIES.LIST>
            <ALLLEDGERENTRIES.LIST>
              <LEDGERNAME>HDFC Bank</LEDGERNAME>
              <ISDEEMEDPOSITIVE>No</ISDEEMEDPOSITIVE>
              <AMOUNT>200.0</AMOUNT>
            </ALLLEDGERENTRIES.LIST>
          </VOUCHER>
        </TALLYMESSAGE>
        <TALLYMESSAGE xmlns:UDF="TallyUDF">
          <VOUCHER VCHTYPE="Payment" ACTION="Create">
            <DATE>20180618</DATE>
            <VOUCHERTYPENAME>Payment</VOUCHERTYPENAME>
            <NARRATION>ATM WITHDRAWAL AJMER</NARRATION>
            <ALLLEDGERENTRIES.LIST>
              <LEDGERNAME>ATM WITHDRAWAL AJMER</LEDGERNAME>
              <ISDEEMEDPOSITIVE>Yes</ISDEEMEDPOSITIVE>
              <AMOUNT>-200.0</AMOUNT>
            </ALLLEDGERENTRIES.LIST>
            <ALLLEDGERENTRIES.LIST>
              <LEDGERNAME>HDFC Bank</LEDGERNAME>
              <ISDEEMEDPOSITIVE>No</ISDEEMEDPOSITIVE>
              <AMOUNT>200.0</AMOUNT>
            </ALLLEDGERENTRIES.LIST>
          </VOUCHER>
        </TALLYMESSAGE>
        <TALLYMESSAGE xmlns:UDF="TallyUDF">
          <VOUCHER VCHTYPE="Payment" ACTION="Create">
            <DATE>20180621</DATE>
            <VOUCHERTYPENAME>Payment</VOUCHERTYPENAME>
            <NARRATION>UKARHEALTHCARE PO</NARRATION>
            <ALLLEDGERENTRIES.LIST>
              <LEDGERNAME>UKARHEALTHCARE PO</LEDGERNAME>
              <ISDEEMEDPOSITIVE>Yes</ISDEEMEDPOSITIVE>
              <AMOUNT>-100.0</AMOUNT>
            </ALLLEDGERENTRIES.LIST>
            <ALLLEDGERENTRIES.LIST>
              <LEDGERNAME>HDFC Bank</LEDGERNAME>
              <ISDEEMEDPOSITIVE>No</ISDEEMEDPOSITIVE>
              <AMOUNT>100.0</AMOUNT>
            </ALLLEDGERENTRIES.LIST>
          </VOUCHER>
        </TALLYMESSAGE>
        <TALLYMESSAGE xmlns:UDF="TallyUDF">
          <VOUCHER VCHTYPE="Receipt" ACTION="Create">
            <DATE>20180701</DATE>
            <VOUCHERTYPENAME>Receipt</VOUCHERTYPENAME>
            <NARRATION>CREDITINTERESTCAPITALISED</NARRATION>
            <ALLLEDGERENTRIES.LIST>
              <LEDGERNAME>CREDITINTERESTCAPITALISED</LEDGERNAME>
              <ISDEEMEDPOSITIVE>No</ISDEEMEDPOSITIVE>
              <AMOUNT>29.0</AMOUNT>
            </ALLLEDGERENTRIES.LIST>
            <ALLLEDGERENTRIES.LIST>
              <LEDGERNAME>HDFC Bank</LEDGERNAME>
              <ISDEEMEDPOSITIVE>Yes</ISDEEMEDPOSITIVE>
              <AMOUNT>-29.0</AMOUNT>
            </ALLLEDGERENTRIES.LIST>
          </VOUCHER>
        </TALLYMESSAGE>
        <TALLYMESSAGE xmlns:UDF="TallyUDF">
          <VOUCHER VCHTYPE="Receipt" ACTION="Create">
            <DATE>20180704</DATE>
            <VOUCHERTYPENAME>Receipt</VOUCHERTYPENAME>
            <NARRATION>SALARY SIZWAN</NARRATION>
            <ALLLEDGERENTRIES.LIST>
              <LEDGERNAME>SALARY SIZWAN</LEDGERNAME>
              <ISDEEMEDPOSITIVE>No</ISDEEMEDPOSITIVE>
              <AMOUNT>16690.0</AMOUNT>
            </ALLLEDGERENTRIES.LIST>
            <ALLLEDGERENTRIES.LIST>
              <LEDGERNAME>HDFC Bank</LEDGERNAME>
              <ISDEEMEDPOSITIVE>Yes</ISDEEMEDPOSITIVE>
              <AMOUNT>-16690.0</AMOUNT>
            </ALLLEDGERENTRIES.LIST>
          </VOUCHER>
        </TALLYMESSAGE>
        <TALLYMESSAGE xmlns:UDF="TallyUDF">
          <VOUCHER VCHTYPE="Payment" ACTION="Create">
            <DATE>20180704</DATE>
            <VOUCHERTYPENAME>Payment</VOUCHERTYPENAME>
            <NARRATION>ATM WITHDRAWAL DELHI</NARRATION>
            <ALLLEDGERENTRIES.LIST>
              <LEDGERNAME>ATM WITHDRAWAL DELHI</LEDGERNAME>
              <ISDEEMEDPOSITIVE>Yes</ISDEEMEDPOSITIVE>
              <AMOUNT>-13000.0</AMOUNT>
            </ALLLEDGERENTRIES.LIST>
            <ALLLEDGERENTRIES.LIST>
              <LEDGERNAME>HDFC Bank</LEDGERNAME>
              <ISDEEMEDPOSITIVE>No</ISDEEMEDPOSITIVE>
              <AMOUNT>13000.0</AMOUNT>
            </ALLLEDGERENTRIES.LIST>
          </VOUCHER>
        </TALLYMESSAGE>
        <TALLYMESSAGE xmlns:UDF="TallyUDF">
          <VOUCHER VCHTYPE="Payment" ACTION="Create">
            <DATE>20180705</DATE>
            <VOUCHERTYPENAME>Payment</VOUCHERTYPENAME>
            <NARRATION>UKARHEALTHCARE PO</NARRATION>
            <ALLLEDGERENTRIES.LIST>
              <LEDGERNAME>UKARHEALTHCARE PO</LEDGERNAME>
              <ISDEEMEDPOSITIVE>Yes</ISDEEMEDPOSITIVE>
              <AMOUNT>-150.0</AMOUNT>
            </ALLLEDGERENTRIES.LIST>
            <ALLLEDGERENTRIES.LIST>
              <LEDGERNAME>HDFC Bank</LEDGERNAME>
              <ISDEEMEDPOSITIVE>No</ISDEEMEDPOSITIVE>
              <AMOUNT>150.0</AMOUNT>
            </ALLLEDGERENTRIES.LIST>
          </VOUCHER>
        </TALLYMESSAGE>
        <TALLYMESSAGE xmlns:UDF="TallyUDF">
          <VOUCHER VCHTYPE="Payment" ACTION="Create">
            <DATE>20180705</DATE>
            <VOUCHERTYPENAME>Payment</VOUCHERTYPENAME>
            <NARRATION>ATM WITHDRAWAL EASTDELHI</NARRATION>
            <ALLLEDGERENTRIES.LIST>
              <LEDGERNAME>ATM WITHDRAWAL EASTDELHI</LEDGERNAME>
              <ISDEEMEDPOSITIVE>Yes</ISDEEMEDPOSITIVE>
              <AMOUNT>-500.0</AMOUNT>
            </ALLLEDGERENTRIES.LIST>
            <ALLLEDGERENTRIES.LIST>
              <LEDGERNAME>HDFC Bank</LEDGERNAME>
              <ISDEEMEDPOSITIVE>No</ISDEEMEDPOSITIVE>
              <AMOUNT>500.0</AMOUNT>
            </ALLLEDGERENTRIES.LIST>
          </VOUCHER>
        </TALLYMESSAGE>
        <TALLYMESSAGE xmlns:UDF="TallyUDF">
          <VOUCHER VCHTYPE="Payment" ACTION="Create">
            <DATE>20180709</DATE>
            <VOUCHERTYPENAME>Payment</VOUCHERTYPENAME>
            <NARRATION>ATM WITHDRAWAL EASTDELHI</NARRATION>
            <ALLLEDGERENTRIES.LIST>
              <LEDGERNAME>ATM WITHDRAWAL EASTDELHI</LEDGERNAME>
              <ISDEEMEDPOSITIVE>Yes</ISDEEMEDPOSITIVE>
              <AMOUNT>-500.0</AMOUNT>
            </ALLLEDGERENTRIES.LIST>
            <ALLLEDGERENTRIES.LIST>
              <LEDGERNAME>HDFC Bank</LEDGERNAME>
              <ISDEEMEDPOSITIVE>No</ISDEEMEDPOSITIVE>
              <AMOUNT>500.0</AMOUNT>
            </ALLLEDGERENTRIES.LIST>
          </VOUCHER>
        </TALLYMESSAGE>
        <TALLYMESSAGE xmlns:UDF="TallyUDF">
          <VOUCHER VCHTYPE="Payment" ACTION="Create">
            <DATE>20180713</DATE>
            <VOUCHERTYPENAME>Payment</VOUCHERTYPENAME>
            <NARRATION>ATM WITHDRAWAL NEWDELHI</NARRATION>
            <ALLLEDGERENTRIES.LIST>
              <LEDGERNAME>ATM WITHDRAWAL NEWDELHI</LEDGERNAME>
              <ISDEEMEDPOSITIVE>Yes</ISDEEMEDPOSITIVE>
              <AMOUNT>-500.0</AMOUNT>
            </ALLLEDGERENTRIES.LIST>
            <ALLLEDGERENTRIES.LIST>
              <LEDGERNAME>HDFC Bank</LEDGERNAME>
              <ISDEEMEDPOSITIVE>No</ISDEEMEDPOSITIVE>
              <AMOUNT>500.0</AMOUNT>
            </ALLLEDGERENTRIES.LIST>
          </VOUCHER>
        </TALLYMESSAGE>
        <TALLYMESSAGE xmlns:UDF="TallyUDF">
          <VOUCHER VCHTYPE="Payment" ACTION="Create">
            <DATE>20180716</DATE>
            <VOUCHERTYPENAME>Payment</VOUCHERTYPENAME>
            <NARRATION>UKARHEALTHCARE PO</NARRATION>
            <ALLLEDGERENTRIES.LIST>
              <LEDGERNAME>UKARHEALTHCARE PO</LEDGERNAME>
              <ISDEEMEDPOSITIVE>Yes</ISDEEMEDPOSITIVE>
              <AMOUNT>-500.0</AMOUNT>
            </ALLLEDGERENTRIES.LIST>
            <ALLLEDGERENTRIES.LIST>
              <LEDGERNAME>HDFC Bank</LEDGERNAME>
              <ISDEEMEDPOSITIVE>No</ISDEEMEDPOSITIVE>
              <AMOUNT>500.0</AMOUNT>
            </ALLLEDGERENTRIES.LIST>
          </VOUCHER>
        </TALLYMESSAGE>
        <TALLYMESSAGE xmlns:UDF="TallyUDF">
          <VOUCHER VCHTYPE="Payment" ACTION="Create">
            <DATE>20180716</DATE>
            <VOUCHERTYPENAME>Payment</VOUCHERTYPENAME>
            <NARRATION>ATM WITHDRAWAL EASTDELHI</NARRATION>
            <ALLLEDGERENTRIES.LIST>
              <LEDGERNAME>ATM WITHDRAWAL EASTDELHI</LEDGERNAME>
              <ISDEEMEDPOSITIVE>Yes</ISDEEMEDPOSITIVE>
              <AMOUNT>-500.0</AMOUNT>
            </ALLLEDGERENTRIES.LIST>
            <ALLLEDGERENTRIES.LIST>
              <LEDGERNAME>HDFC Bank</LEDGERNAME>
              <ISDEEMEDPOSITIVE>No</ISDEEMEDPOSITIVE>
              <AMOUNT>500.0</AMOUNT>
            </ALLLEDGERENTRIES.LIST>
          </VOUCHER>
        </TALLYMESSAGE>
        <TALLYMESSAGE xmlns:UDF="TallyUDF">
          <VOUCHER VCHTYPE="Payment" ACTION="Create">
            <DATE>20180721</DATE>
            <VOUCHERTYPENAME>Payment</VOUCHERTYPENAME>
            <NARRATION>HPCENTREMOTINPO</NARRATION>
            <ALLLEDGERENTRIES.LIST>
              <LEDGERNAME>HPCENTREMOTINPO</LEDGERNAME>
              <ISDEEMEDPOSITIVE>Yes</ISDEEMEDPOSITIVE>
              <AMOUNT>-70.0</AMOUNT>
            </ALLLEDGERENTRIES.LIST>
            <ALLLEDGERENTRIES.LIST>
              <LEDGERNAME>HDFC Bank</LEDGERNAME>
              <ISDEEMEDPOSITIVE>No</ISDEEMEDPOSITIVE>
              <AMOUNT>70.0</AMOUNT>
            </ALLLEDGERENTRIES.LIST>
          </VOUCHER>
        </TALLYMESSAGE>
        <TALLYMESSAGE xmlns:UDF="TallyUDF">
          <VOUCHER VCHTYPE="Payment" ACTION="Create">
            <DATE>20180721</DATE>
            <VOUCHERTYPENAME>Payment</VOUCHERTYPENAME>
            <NARRATION>UKARHEALTHCARE PO</NARRATION>
            <ALLLEDGERENTRIES.LIST>
              <LEDGERNAME>UKARHEALTHCARE PO</LEDGERNAME>
              <ISDEEMEDPOSITIVE>Yes</ISDEEMEDPOSITIVE>
              <AMOUNT>-1000.0</AMOUNT>
            </ALLLEDGERENTRIES.LIST>
            <ALLLEDGERENTRIES.LIST>
              <LEDGERNAME>HDFC Bank</LEDGERNAME>
              <ISDEEMEDPOSITIVE>No</ISDEEMEDPOSITIVE>
              <AMOUNT>1000.0</AMOUNT>
            </ALLLEDGERENTRIES.LIST>
          </VOUCHER>
        </TALLYMESSAGE>
        <TALLYMESSAGE xmlns:UDF="TallyUDF">
          <VOUCHER VCHTYPE="Receipt" ACTION="Create">
            <DATE>20180724</DATE>
            <VOUCHERTYPENAME>Receipt</VOUCHERTYPENAME>
            <NARRATION>HPCL0 75%CASH</NARRATION>
            <ALLLEDGERENTRIES.LIST>
              <LEDGERNAME>HPCL0 75%CASH</LEDGERNAME>
              <ISDEEMEDPOSITIVE>No</ISDEEMEDPOSITIVE>
              <AMOUNT>0.52</AMOUNT>
            </ALLLEDGERENTRIES.LIST>
            <ALLLEDGERENTRIES.LIST>
              <LEDGERNAME>HDFC Bank</LEDGERNAME>
              <ISDEEMEDPOSITIVE>Yes</ISDEEMEDPOSITIVE>
              <AMOUNT>-0.52</AMOUNT>
            </ALLLEDGERENTRIES.LIST>
          </VOUCHER>
        </TALLYMESSAGE>
        <TALLYMESSAGE xmlns:UDF="TallyUDF">
          <VOUCHER VCHTYPE="Receipt" ACTION="Create">
            <DATE>20180807</DATE>
            <VOUCHERTYPENAME>Receipt</VOUCHERTYPENAME>
            <NARRATION>SALARY SIZWAN</NARRATION>
            <ALLLEDGERENTRIES.LIST>
              <LEDGERNAME>SALARY SIZWAN</LEDGERNAME>
              <ISDEEMEDPOSITIVE>No</ISDEEMEDPOSITIVE>
              <AMOUNT>16690.0</AMOUNT>
            </ALLLEDGERENTRIES.LIST>
            <ALLLEDGERENTRIES.LIST>
              <LEDGERNAME>HDFC Bank</LEDGERNAME>
              <ISDEEMEDPOSITIVE>Yes</ISDEEMEDPOSITIVE>
              <AMOUNT>-16690.0</AMOUNT>
            </ALLLEDGERENTRIES.LIST>
          </VOUCHER>
        </TALLYMESSAGE>
        <TALLYMESSAGE xmlns:UDF="TallyUDF">
          <VOUCHER VCHTYPE="Payment" ACTION="Create">
            <DATE>20180807</DATE>
            <VOUCHERTYPENAME>Payment</VOUCHERTYPENAME>
            <NARRATION>ATM WITHDRAWAL NEWDELHI</NARRATION>
            <ALLLEDGERENTRIES.LIST>
              <LEDGERNAME>ATM WITHDRAWAL NEWDELHI</LEDGERNAME>
              <ISDEEMEDPOSITIVE>Yes</ISDEEMEDPOSITIVE>
              <AMOUNT>-4500.0</AMOUNT>
            </ALLLEDGERENTRIES.LIST>
            <ALLLEDGERENTRIES.LIST>
              <LEDGERNAME>HDFC Bank</LEDGERNAME>
              <ISDEEMEDPOSITIVE>No</ISDEEMEDPOSITIVE>
              <AMOUNT>4500.0</AMOUNT>
            </ALLLEDGERENTRIES.LIST>
          </VOUCHER>
        </TALLYMESSAGE>
        <TALLYMESSAGE xmlns:UDF="TallyUDF">
          <VOUCHER VCHTYPE="Payment" ACTION="Create">
            <DATE>20180808</DATE>
            <VOUCHERTYPENAME>Payment</VOUCHERTYPENAME>
            <NARRATION>CREDIT CARD AUTOPAY</NARRATION>
            <ALLLEDGERENTRIES.LIST>
              <LEDGERNAME>CREDIT CARD AUTOPAY</LEDGERNAME>
              <ISDEEMEDPOSITIVE>Yes</ISDEEMEDPOSITIVE>
              <AMOUNT>-1187.0</AMOUNT>
            </ALLLEDGERENTRIES.LIST>
            <ALLLEDGERENTRIES.LIST>
              <LEDGERNAME>HDFC Bank</LEDGERNAME>
              <ISDEEMEDPOSITIVE>No</ISDEEMEDPOSITIVE>
              <AMOUNT>1187.0</AMOUNT>
            </ALLLEDGERENTRIES.LIST>
          </VOUCHER>
        </TALLYMESSAGE>
        <TALLYMESSAGE xmlns:UDF="TallyUDF">
          <VOUCHER VCHTYPE="Payment" ACTION="Create">
            <DATE>20180810</DATE>
            <VOUCHERTYPENAME>Payment</VOUCHERTYPENAME>
            <NARRATION>ATM WITHDRAWAL BULANDSHAH R</NARRATION>
            <ALLLEDGERENTRIES.LIST>
              <LEDGERNAME>ATM WITHDRAWAL BULANDSHAH R</LEDGERNAME>
              <ISDEEMEDPOSITIVE>Yes</ISDEEMEDPOSITIVE>
              <AMOUNT>-5000.0</AMOUNT>
            </ALLLEDGERENTRIES.LIST>
            <ALLLEDGERENTRIES.LIST>
              <LEDGERNAME>HDFC Bank</LEDGERNAME>
              <ISDEEMEDPOSITIVE>No</ISDEEMEDPOSITIVE>
              <AMOUNT>5000.0</AMOUNT>
            </ALLLEDGERENTRIES.LIST>
          </VOUCHER>
        </TALLYMESSAGE>
        <TALLYMESSAGE xmlns:UDF="TallyUDF">
          <VOUCHER VCHTYPE="Payment" ACTION="Create">
            <DATE>20180814</DATE>
            <VOUCHERTYPENAME>Payment</VOUCHERTYPENAME>
            <NARRATION>UKARHEALTHCARE PO</NARRATION>
            <ALLLEDGERENTRIES.LIST>
              <LEDGERNAME>UKARHEALTHCARE PO</LEDGERNAME>
              <ISDEEMEDPOSITIVE>Yes</ISDEEMEDPOSITIVE>
              <AMOUNT>-6045.0</AMOUNT>
            </ALLLEDGERENTRIES.LIST>
            <ALLLEDGERENTRIES.LIST>
              <LEDGERNAME>HDFC Bank</LEDGERNAME>
              <ISDEEMEDPOSITIVE>No</ISDEEMEDPOSITIVE>
              <AMOUNT>6045.0</AMOUNT>
            </ALLLEDGERENTRIES.LIST>
          </VOUCHER>
        </TALLYMESSAGE>
        <TALLYMESSAGE xmlns:UDF="TallyUDF">
          <VOUCHER VCHTYPE="Payment" ACTION="Create">
            <DATE>20180907</DATE>
            <VOUCHERTYPENAME>Payment</VOUCHERTYPENAME>
            <NARRATION>CREDIT CARD AUTOPAY</NARRATION>
            <ALLLEDGERENTRIES.LIST>
              <LEDGERNAME>CREDIT CARD AUTOPAY</LEDGERNAME>
              <ISDEEMEDPOSITIVE>Yes</ISDEEMEDPOSITIVE>
              <AMOUNT>-1666.0</AMOUNT>
            </ALLLEDGERENTRIES.LIST>
            <ALLLEDGERENTRIES.LIST>
              <LEDGERNAME>HDFC Bank</LEDGERNAME>
              <ISDEEMEDPOSITIVE>No</ISDEEMEDPOSITIVE>
              <AMOUNT>1666.0</AMOUNT>
            </ALLLEDGERENTRIES.LIST>
          </VOUCHER>
        </TALLYMESSAGE>
        <TALLYMESSAGE xmlns:UDF="TallyUDF">
          <VOUCHER VCHTYPE="Receipt" ACTION="Create">
            <DATE>20180907</DATE>
            <VOUCHERTYPENAME>Receipt</VOUCHERTYPENAME>
            <NARRATION>CREDIT CARD AUTOPAY</NARRATION>
            <ALLLEDGERENTRIES.LIST>
              <LEDGERNAME>CREDIT CARD AUTOPAY</LEDGERNAME>
              <ISDEEMEDPOSITIVE>No</ISDEEMEDPOSITIVE>
              <AMOUNT>1666.0</AMOUNT>
            </ALLLEDGERENTRIES.LIST>
            <ALLLEDGERENTRIES.LIST>
              <LEDGERNAME>HDFC Bank</LEDGERNAME>
              <ISDEEMEDPOSITIVE>Yes</ISDEEMEDPOSITIVE>
              <AMOUNT>-1666.0</AMOUNT>
            </ALLLEDGERENTRIES.LIST>
          </VOUCHER>
        </TALLYMESSAGE>
        <TALLYMESSAGE xmlns:UDF="TallyUDF">
          <VOUCHER VCHTYPE="Receipt" ACTION="Create">
            <DATE>20180907</DATE>
            <VOUCHERTYPENAME>Receipt</VOUCHERTYPENAME>
            <NARRATION>ARIF</NARRATION>
            <ALLLEDGERENTRIES.LIST>
              <LEDGERNAME>ARIF</LEDGERNAME>
              <ISDEEMEDPOSITIVE>No</ISDEEMEDPOSITIVE>
              <AMOUNT>1670.0</AMOUNT>
            </ALLLEDGERENTRIES.LIST>
            <ALLLEDGERENTRIES.LIST>
              <LEDGERNAME>HDFC Bank</LEDGERNAME>
              <ISDEEMEDPOSITIVE>Yes</ISDEEMEDPOSITIVE>
              <AMOUNT>-1670.0</AMOUNT>
            </ALLLEDGERENTRIES.LIST>
          </VOUCHER>
        </TALLYMESSAGE>
        <TALLYMESSAGE xmlns:UDF="TallyUDF">
          <VOUCHER VCHTYPE="Payment" ACTION="Create">
            <DATE>20180908</DATE>
            <VOUCHERTYPENAME>Payment</VOUCHERTYPENAME>
            <NARRATION>CREDIT CARD AUTOPAY</NARRATION>
            <ALLLEDGERENTRIES.LIST>
              <LEDGERNAME>CREDIT CARD AUTOPAY</LEDGERNAME>
              <ISDEEMEDPOSITIVE>Yes</ISDEEMEDPOSITIVE>
              <AMOUNT>-8841.0</AMOUNT>
            </ALLLEDGERENTRIES.LIST>
            <ALLLEDGERENTRIES.LIST>
              <LEDGERNAME>HDFC Bank</LEDGERNAME>
              <ISDEEMEDPOSITIVE>No</ISDEEMEDPOSITIVE>
              <AMOUNT>8841.0</AMOUNT>
            </ALLLEDGERENTRIES.LIST>
          </VOUCHER>
        </TALLYMESSAGE>
        <TALLYMESSAGE xmlns:UDF="TallyUDF">
          <VOUCHER VCHTYPE="Receipt" ACTION="Create">
            <DATE>20180908</DATE>
            <VOUCHERTYPENAME>Receipt</VOUCHERTYPENAME>
            <NARRATION>CREDIT CARD AUTOPAY</NARRATION>
            <ALLLEDGERENTRIES.LIST>
              <LEDGERNAME>CREDIT CARD AUTOPAY</LEDGERNAME>
              <ISDEEMEDPOSITIVE>No</ISDEEMEDPOSITIVE>
              <AMOUNT>8841.0</AMOUNT>
            </ALLLEDGERENTRIES.LIST>
            <ALLLEDGERENTRIES.LIST>
              <LEDGERNAME>HDFC Bank</LEDGERNAME>
              <ISDEEMEDPOSITIVE>Yes</ISDEEMEDPOSITIVE>
              <AMOUNT>-8841.0</AMOUNT>
            </ALLLEDGERENTRIES.LIST>
          </VOUCHER>
        </TALLYMESSAGE>
        <TALLYMESSAGE xmlns:UDF="TallyUDF">
          <VOUCHER VCHTYPE="Payment" ACTION="Create">
            <DATE>20180908</DATE>
            <VOUCHERTYPENAME>Payment</VOUCHERTYPENAME>
            <NARRATION>CREDIT CARD AUTOPAY</NARRATION>
            <ALLLEDGERENTRIES.LIST>
              <LEDGERNAME>CREDIT CARD AUTOPAY</LEDGERNAME>
              <ISDEEMEDPOSITIVE>Yes</ISDEEMEDPOSITIVE>
              <AMOUNT>-1387.0</AMOUNT>
            </ALLLEDGERENTRIES.LIST>
            <ALLLEDGERENTRIES.LIST>
              <LEDGERNAME>HDFC Bank</LEDGERNAME>
              <ISDEEMEDPOSITIVE>No</ISDEEMEDPOSITIVE>
              <AMOUNT>1387.0</AMOUNT>
            </ALLLEDGERENTRIES.LIST>
          </VOUCHER>
        </TALLYMESSAGE>
        <TALLYMESSAGE xmlns:UDF="TallyUDF">
          <VOUCHER VCHTYPE="Receipt" ACTION="Create">
            <DATE>20180910</DATE>
            <VOUCHERTYPENAME>Receipt</VOUCHERTYPENAME>
            <NARRATION>SALARY SIZWAN</NARRATION>
            <ALLLEDGERENTRIES.LIST>
              <LEDGERNAME>SALARY SIZWAN</LEDGERNAME>
              <ISDEEMEDPOSITIVE>No</ISDEEMEDPOSITIVE>
              <AMOUNT>11690.0</AMOUNT>
            </ALLLEDGERENTRIES.LIST>
            <ALLLEDGERENTRIES.LIST>
              <LEDGERNAME>HDFC Bank</LEDGERNAME>
              <ISDEEMEDPOSITIVE>Yes</ISDEEMEDPOSITIVE>
              <AMOUNT>-11690.0</AMOUNT>
            </ALLLEDGERENTRIES.LIST>
          </VOUCHER>
        </TALLYMESSAGE>
        <TALLYMESSAGE xmlns:UDF="TallyUDF">
          <VOUCHER VCHTYPE="Payment" ACTION="Create">
            <DATE>20180911</DATE>
            <VOUCHERTYPENAME>Payment</VOUCHERTYPENAME>
            <NARRATION>UKARHEALTHCARE PO</NARRATION>
            <ALLLEDGERENTRIES.LIST>
              <LEDGERNAME>UKARHEALTHCARE PO</LEDGERNAME>
              <ISDEEMEDPOSITIVE>Yes</ISDEEMEDPOSITIVE>
              <AMOUNT>-2500.0</AMOUNT>
            </ALLLEDGERENTRIES.LIST>
            <ALLLEDGERENTRIES.LIST>
              <LEDGERNAME>HDFC Bank</LEDGERNAME>
              <ISDEEMEDPOSITIVE>No</ISDEEMEDPOSITIVE>
              <AMOUNT>2500.0</AMOUNT>
            </ALLLEDGERENTRIES.LIST>
          </VOUCHER>
        </TALLYMESSAGE>
        <TALLYMESSAGE xmlns:UDF="TallyUDF">
          <VOUCHER VCHTYPE="Payment" ACTION="Create">
            <DATE>20180911</DATE>
            <VOUCHERTYPENAME>Payment</VOUCHERTYPENAME>
            <NARRATION>ATM WITHDRAWAL NEWDELHI</NARRATION>
            <ALLLEDGERENTRIES.LIST>
              <LEDGERNAME>ATM WITHDRAWAL NEWDELHI</LEDGERNAME>
              <ISDEEMEDPOSITIVE>Yes</ISDEEMEDPOSITIVE>
              <AMOUNT>-1500.0</AMOUNT>
            </ALLLEDGERENTRIES.LIST>
            <ALLLEDGERENTRIES.LIST>
              <LEDGERNAME>HDFC Bank</LEDGERNAME>
              <ISDEEMEDPOSITIVE>No</ISDEEMEDPOSITIVE>
              <AMOUNT>1500.0</AMOUNT>
            </ALLLEDGERENTRIES.LIST>
          </VOUCHER>
        </TALLYMESSAGE>
        <TALLYMESSAGE xmlns:UDF="TallyUDF">
          <VOUCHER VCHTYPE="Payment" ACTION="Create">
            <DATE>20180912</DATE>
            <VOUCHERTYPENAME>Payment</VOUCHERTYPENAME>
            <NARRATION>FUND TRANSFER</NARRATION>
            <ALLLEDGERENTRIES.LIST>
              <LEDGERNAME>FUND TRANSFER</LEDGERNAME>
              <ISDEEMEDPOSITIVE>Yes</ISDEEMEDPOSITIVE>
              <AMOUNT>-1666.0</AMOUNT>
            </ALLLEDGERENTRIES.LIST>
            <ALLLEDGERENTRIES.LIST>
              <LEDGERNAME>HDFC Bank</LEDGERNAME>
              <ISDEEMEDPOSITIVE>No</ISDEEMEDPOSITIVE>
              <AMOUNT>1666.0</AMOUNT>
            </ALLLEDGERENTRIES.LIST>
          </VOUCHER>
        </TALLYMESSAGE>
        <TALLYMESSAGE xmlns:UDF="TallyUDF">
          <VOUCHER VCHTYPE="Payment" ACTION="Create">
            <DATE>20180921</DATE>
            <VOUCHERTYPENAME>Payment</VOUCHERTYPENAME>
            <NARRATION>ATM WITHDRAWAL KAIMUR</NARRATION>
            <ALLLEDGERENTRIES.LIST>
              <LEDGERNAME>ATM WITHDRAWAL KAIMUR</LEDGERNAME>
              <ISDEEMEDPOSITIVE>Yes</ISDEEMEDPOSITIVE>
              <AMOUNT>-500.0</AMOUNT>
            </ALLLEDGERENTRIES.LIST>
            <ALLLEDGERENTRIES.LIST>
              <LEDGERNAME>HDFC Bank</LEDGERNAME>
              <ISDEEMEDPOSITIVE>No</ISDEEMEDPOSITIVE>
              <AMOUNT>500.0</AMOUNT>
            </ALLLEDGERENTRIES.LIST>
          </VOUCHER>
        </TALLYMESSAGE>
        <TALLYMESSAGE xmlns:UDF="TallyUDF">
          <VOUCHER VCHTYPE="Payment" ACTION="Create">
            <DATE>20180923</DATE>
            <VOUCHERTYPENAME>Payment</VOUCHERTYPENAME>
            <NARRATION>AMAZONPAYPOSDEBI</NARRATION>
            <ALLLEDGERENTRIES.LIST>
              <LEDGERNAME>AMAZONPAYPOSDEBI</LEDGERNAME>
              <ISDEEMEDPOSITIVE>Yes</ISDEEMEDPOSITIVE>
              <AMOUNT>-130.72</AMOUNT>
            </ALLLEDGERENTRIES.LIST>
            <ALLLEDGERENTRIES.LIST>
              <LEDGERNAME>HDFC Bank</LEDGERNAME>
              <ISDEEMEDPOSITIVE>No</ISDEEMEDPOSITIVE>
              <AMOUNT>130.72</AMOUNT>
            </ALLLEDGERENTRIES.LIST>
          </VOUCHER>
        </TALLYMESSAGE>
        <TALLYMESSAGE xmlns:UDF="TallyUDF">
          <VOUCHER VCHTYPE="Payment" ACTION="Create">
            <DATE>20180924</DATE>
            <VOUCHERTYPENAME>Payment</VOUCHERTYPENAME>
            <NARRATION>PAYTMPO</NARRATION>
            <ALLLEDGERENTRIES.LIST>
              <LEDGERNAME>PAYTMPO</LEDGERNAME>
              <ISDEEMEDPOSITIVE>Yes</ISDEEMEDPOSITIVE>
              <AMOUNT>-1000.0</AMOUNT>
            </ALLLEDGERENTRIES.LIST>
            <ALLLEDGERENTRIES.LIST>
              <LEDGERNAME>HDFC Bank</LEDGERNAME>
              <ISDEEMEDPOSITIVE>No</ISDEEMEDPOSITIVE>
              <AMOUNT>1000.0</AMOUNT>
            </ALLLEDGERENTRIES.LIST>
          </VOUCHER>
        </TALLYMESSAGE>
        <TALLYMESSAGE xmlns:UDF="TallyUDF">
          <VOUCHER VCHTYPE="Payment" ACTION="Create">
            <DATE>20180926</DATE>
            <VOUCHERTYPENAME>Payment</VOUCHERTYPENAME>
            <NARRATION>ATM WITHDRAWAL DELHI</NARRATION>
            <ALLLEDGERENTRIES.LIST>
              <LEDGERNAME>ATM WITHDRAWAL DELHI</LEDGERNAME>
              <ISDEEMEDPOSITIVE>Yes</ISDEEMEDPOSITIVE>
              <AMOUNT>-2000.0</AMOUNT>
            </ALLLEDGERENTRIES.LIST>
            <ALLLEDGERENTRIES.LIST>
              <LEDGERNAME>HDFC Bank</LEDGERNAME>
              <ISDEEMEDPOSITIVE>No</ISDEEMEDPOSITIVE>
              <AMOUNT>2000.0</AMOUNT>
            </ALLLEDGERENTRIES.LIST>
          </VOUCHER>
        </TALLYMESSAGE>
        <TALLYMESSAGE xmlns:UDF="TallyUDF">
          <VOUCHER VCHTYPE="Payment" ACTION="Create">
            <DATE>20180928</DATE>
            <VOUCHERTYPENAME>Payment</VOUCHERTYPENAME>
            <NARRATION>UKARHEALTHCAREPO</NARRATION>
            <ALLLEDGERENTRIES.LIST>
              <LEDGERNAME>UKARHEALTHCAREPO</LEDGERNAME>
              <ISDEEMEDPOSITIVE>Yes</ISDEEMEDPOSITIVE>
              <AMOUNT>-500.0</AMOUNT>
            </ALLLEDGERENTRIES.LIST>
            <ALLLEDGERENTRIES.LIST>
              <LEDGERNAME>HDFC Bank</LEDGERNAME>
              <ISDEEMEDPOSITIVE>No</ISDEEMEDPOSITIVE>
              <AMOUNT>500.0</AMOUNT>
            </ALLLEDGERENTRIES.LIST>
          </VOUCHER>
        </TALLYMESSAGE>
        <TALLYMESSAGE xmlns:UDF="TallyUDF">
          <VOUCHER VCHTYPE="Payment" ACTION="Create">
            <DATE>20180929</DATE>
            <VOUCHERTYPENAME>Payment</VOUCHERTYPENAME>
            <NARRATION>BHARTIAIRTEPO</NARRATION>
            <ALLLEDGERENTRIES.LIST>
              <LEDGERNAME>BHARTIAIRTEPO</LEDGERNAME>
              <ISDEEMEDPOSITIVE>Yes</ISDEEMEDPOSITIVE>
              <AMOUNT>-219.0</AMOUNT>
            </ALLLEDGERENTRIES.LIST>
            <ALLLEDGERENTRIES.LIST>
              <LEDGERNAME>HDFC Bank</LEDGERNAME>
              <ISDEEMEDPOSITIVE>No</ISDEEMEDPOSITIVE>
              <AMOUNT>219.0</AMOUNT>
            </ALLLEDGERENTRIES.LIST>
          </VOUCHER>
        </TALLYMESSAGE>
        <TALLYMESSAGE xmlns:UDF="TallyUDF">
          <VOUCHER VCHTYPE="Receipt" ACTION="Create">
            <DATE>20181001</DATE>
            <VOUCHERTYPENAME>Receipt</VOUCHERTYPENAME>
            <NARRATION>CREDITINTERESTCAPITALISED</NARRATION>
            <ALLLEDGERENTRIES.LIST>
              <LEDGERNAME>CREDITINTERESTCAPITALISED</LEDGERNAME>
              <ISDEEMEDPOSITIVE>No</ISDEEMEDPOSITIVE>
              <AMOUNT>21.0</AMOUNT>
            </ALLLEDGERENTRIES.LIST>
            <ALLLEDGERENTRIES.LIST>
              <LEDGERNAME>HDFC Bank</LEDGERNAME>
              <ISDEEMEDPOSITIVE>Yes</ISDEEMEDPOSITIVE>
              <AMOUNT>-21.0</AMOUNT>
            </ALLLEDGERENTRIES.LIST>
          </VOUCHER>
        </TALLYMESSAGE>
        <TALLYMESSAGE xmlns:UDF="TallyUDF">
          <VOUCHER VCHTYPE="Payment" ACTION="Create">
            <DATE>20181004</DATE>
            <VOUCHERTYPENAME>Payment</VOUCHERTYPENAME>
            <NARRATION>SURAKSHA,</NARRATION>
            <ALLLEDGERENTRIES.LIST>
              <LEDGERNAME>SURAKSHA,</LEDGERNAME>
              <ISDEEMEDPOSITIVE>Yes</ISDEEMEDPOSITIVE>
              <AMOUNT>-200.0</AMOUNT>
            </ALLLEDGERENTRIES.LIST>
            <ALLLEDGERENTRIES.LIST>
              <LEDGERNAME>HDFC Bank</LEDGERNAME>
              <ISDEEMEDPOSITIVE>No</ISDEEMEDPOSITIVE>
              <AMOUNT>200.0</AMOUNT>
            </ALLLEDGERENTRIES.LIST>
          </VOUCHER>
        </TALLYMESSAGE>
        <TALLYMESSAGE xmlns:UDF="TallyUDF">
          <VOUCHER VCHTYPE="Payment" ACTION="Create">
            <DATE>20181004</DATE>
            <VOUCHERTYPENAME>Payment</VOUCHERTYPENAME>
            <NARRATION>ATM WITHDRAWAL NEWDELHI</NARRATION>
            <ALLLEDGERENTRIES.LIST>
              <LEDGERNAME>ATM WITHDRAWAL NEWDELHI</LEDGERNAME>
              <ISDEEMEDPOSITIVE>Yes</ISDEEMEDPOSITIVE>
              <AMOUNT>-500.0</AMOUNT>
            </ALLLEDGERENTRIES.LIST>
            <ALLLEDGERENTRIES.LIST>
              <LEDGERNAME>HDFC Bank</LEDGERNAME>
              <ISDEEMEDPOSITIVE>No</ISDEEMEDPOSITIVE>
              <AMOUNT>500.0</AMOUNT>
            </ALLLEDGERENTRIES.LIST>
          </VOUCHER>
        </TALLYMESSAGE>
        <TALLYMESSAGE xmlns:UDF="TallyUDF">
          <VOUCHER VCHTYPE="Payment" ACTION="Create">
            <DATE>20181004</DATE>
            <VOUCHERTYPENAME>Payment</VOUCHERTYPENAME>
            <NARRATION>ATM WITHDRAWAL DELHI</NARRATION>
            <ALLLEDGERENTRIES.LIST>
              <LEDGERNAME>ATM WITHDRAWAL DELHI</LEDGERNAME>
              <ISDEEMEDPOSITIVE>Yes</ISDEEMEDPOSITIVE>
              <AMOUNT>-500.0</AMOUNT>
            </ALLLEDGERENTRIES.LIST>
            <ALLLEDGERENTRIES.LIST>
              <LEDGERNAME>HDFC Bank</LEDGERNAME>
              <ISDEEMEDPOSITIVE>No</ISDEEMEDPOSITIVE>
              <AMOUNT>500.0</AMOUNT>
            </ALLLEDGERENTRIES.LIST>
          </VOUCHER>
        </TALLYMESSAGE>
        <TALLYMESSAGE xmlns:UDF="TallyUDF">
          <VOUCHER VCHTYPE="Payment" ACTION="Create">
            <DATE>20181008</DATE>
            <VOUCHERTYPENAME>Payment</VOUCHERTYPENAME>
            <NARRATION>CREDIT CARD AUTOPAY</NARRATION>
            <ALLLEDGERENTRIES.LIST>
              <LEDGERNAME>CREDIT CARD AUTOPAY</LEDGERNAME>
              <ISDEEMEDPOSITIVE>Yes</ISDEEMEDPOSITIVE>
              <AMOUNT>-1914.0</AMOUNT>
            </ALLLEDGERENTRIES.LIST>
            <ALLLEDGERENTRIES.LIST>
              <LEDGERNAME>HDFC Bank</LEDGERNAME>
              <ISDEEMEDPOSITIVE>No</ISDEEMEDPOSITIVE>
              <AMOUNT>1914.0</AMOUNT>
            </ALLLEDGERENTRIES.LIST>
          </VOUCHER>
        </TALLYMESSAGE>
        <TALLYMESSAGE xmlns:UDF="TallyUDF">
          <VOUCHER VCHTYPE="Receipt" ACTION="Create">
            <DATE>20181008</DATE>
            <VOUCHERTYPENAME>Receipt</VOUCHERTYPENAME>
            <NARRATION>CREDIT CARD AUTOPAY</NARRATION>
            <ALLLEDGERENTRIES.LIST>
              <LEDGERNAME>CREDIT CARD AUTOPAY</LEDGERNAME>
              <ISDEEMEDPOSITIVE>No</ISDEEMEDPOSITIVE>
              <AMOUNT>1914.0</AMOUNT>
            </ALLLEDGERENTRIES.LIST>
            <ALLLEDGERENTRIES.LIST>
              <LEDGERNAME>HDFC Bank</LEDGERNAME>
              <ISDEEMEDPOSITIVE>Yes</ISDEEMEDPOSITIVE>
              <AMOUNT>-1914.0</AMOUNT>
            </ALLLEDGERENTRIES.LIST>
          </VOUCHER>
        </TALLYMESSAGE>
        <TALLYMESSAGE xmlns:UDF="TallyUDF">
          <VOUCHER VCHTYPE="Payment" ACTION="Create">
            <DATE>20181008</DATE>
            <VOUCHERTYPENAME>Payment</VOUCHERTYPENAME>
            <NARRATION>UKARHEALTHCAREPO</NARRATION>
            <ALLLEDGERENTRIES.LIST>
              <LEDGERNAME>UKARHEALTHCAREPO</LEDGERNAME>
              <ISDEEMEDPOSITIVE>Yes</ISDEEMEDPOSITIVE>
              <AMOUNT>-100.0</AMOUNT>
            </ALLLEDGERENTRIES.LIST>
            <ALLLEDGERENTRIES.LIST>
              <LEDGERNAME>HDFC Bank</LEDGERNAME>
              <ISDEEMEDPOSITIVE>No</ISDEEMEDPOSITIVE>
              <AMOUNT>100.0</AMOUNT>
            </ALLLEDGERENTRIES.LIST>
          </VOUCHER>
        </TALLYMESSAGE>
        <TALLYMESSAGE xmlns:UDF="TallyUDF">
          <VOUCHER VCHTYPE="Payment" ACTION="Create">
            <DATE>20181009</DATE>
            <VOUCHERTYPENAME>Payment</VOUCHERTYPENAME>
            <NARRATION>CREDIT CARD AUTOPAY</NARRATION>
            <ALLLEDGERENTRIES.LIST>
              <LEDGERNAME>CREDIT CARD AUTOPAY</LEDGERNAME>
              <ISDEEMEDPOSITIVE>Yes</ISDEEMEDPOSITIVE>
              <AMOUNT>-11848.0</AMOUNT>
            </ALLLEDGERENTRIES.LIST>
            <ALLLEDGERENTRIES.LIST>
              <LEDGERNAME>HDFC Bank</LEDGERNAME>
              <ISDEEMEDPOSITIVE>No</ISDEEMEDPOSITIVE>
              <AMOUNT>11848.0</AMOUNT>
            </ALLLEDGERENTRIES.LIST>
          </VOUCHER>
        </TALLYMESSAGE>
        <TALLYMESSAGE xmlns:UDF="TallyUDF">
          <VOUCHER VCHTYPE="Receipt" ACTION="Create">
            <DATE>20181009</DATE>
            <VOUCHERTYPENAME>Receipt</VOUCHERTYPENAME>
            <NARRATION>CREDIT CARD AUTOPAY</NARRATION>
            <ALLLEDGERENTRIES.LIST>
              <LEDGERNAME>CREDIT CARD AUTOPAY</LEDGERNAME>
              <ISDEEMEDPOSITIVE>No</ISDEEMEDPOSITIVE>
              <AMOUNT>11848.0</AMOUNT>
            </ALLLEDGERENTRIES.LIST>
            <ALLLEDGERENTRIES.LIST>
              <LEDGERNAME>HDFC Bank</LEDGERNAME>
              <ISDEEMEDPOSITIVE>Yes</ISDEEMEDPOSITIVE>
              <AMOUNT>-11848.0</AMOUNT>
            </ALLLEDGERENTRIES.LIST>
          </VOUCHER>
        </TALLYMESSAGE>
        <TALLYMESSAGE xmlns:UDF="TallyUDF">
          <VOUCHER VCHTYPE="Payment" ACTION="Create">
            <DATE>20181009</DATE>
            <VOUCHERTYPENAME>Payment</VOUCHERTYPENAME>
            <NARRATION>CREDIT CARD AUTOPAY</NARRATION>
            <ALLLEDGERENTRIES.LIST>
              <LEDGERNAME>CREDIT CARD AUTOPAY</LEDGERNAME>
              <ISDEEMEDPOSITIVE>Yes</ISDEEMEDPOSITIVE>
              <AMOUNT>-1763.0</AMOUNT>
            </ALLLEDGERENTRIES.LIST>
            <ALLLEDGERENTRIES.LIST>
              <LEDGERNAME>HDFC Bank</LEDGERNAME>
              <ISDEEMEDPOSITIVE>No</ISDEEMEDPOSITIVE>
              <AMOUNT>1763.0</AMOUNT>
            </ALLLEDGERENTRIES.LIST>
          </VOUCHER>
        </TALLYMESSAGE>
        <TALLYMESSAGE xmlns:UDF="TallyUDF">
          <VOUCHER VCHTYPE="Receipt" ACTION="Create">
            <DATE>20181009</DATE>
            <VOUCHERTYPENAME>Receipt</VOUCHERTYPENAME>
            <NARRATION>CREDIT CARD AUTOPAY</NARRATION>
            <ALLLEDGERENTRIES.LIST>
              <LEDGERNAME>CREDIT CARD AUTOPAY</LEDGERNAME>
              <ISDEEMEDPOSITIVE>No</ISDEEMEDPOSITIVE>
              <AMOUNT>1763.0</AMOUNT>
            </ALLLEDGERENTRIES.LIST>
            <ALLLEDGERENTRIES.LIST>
              <LEDGERNAME>HDFC Bank</LEDGERNAME>
              <ISDEEMEDPOSITIVE>Yes</ISDEEMEDPOSITIVE>
              <AMOUNT>-1763.0</AMOUNT>
            </ALLLEDGERENTRIES.LIST>
          </VOUCHER>
        </TALLYMESSAGE>
        <TALLYMESSAGE xmlns:UDF="TallyUDF">
          <VOUCHER VCHTYPE="Receipt" ACTION="Create">
            <DATE>20181010</DATE>
            <VOUCHERTYPENAME>Receipt</VOUCHERTYPENAME>
            <NARRATION>SALARY SIZWAN</NARRATION>
            <ALLLEDGERENTRIES.LIST>
              <LEDGERNAME>SALARY SIZWAN</LEDGERNAME>
              <ISDEEMEDPOSITIVE>No</ISDEEMEDPOSITIVE>
              <AMOUNT>16690.0</AMOUNT>
            </ALLLEDGERENTRIES.LIST>
            <ALLLEDGERENTRIES.LIST>
              <LEDGERNAME>HDFC Bank</LEDGERNAME>
              <ISDEEMEDPOSITIVE>Yes</ISDEEMEDPOSITIVE>
              <AMOUNT>-16690.0</AMOUNT>
            </ALLLEDGERENTRIES.LIST>
          </VOUCHER>
        </TALLYMESSAGE>
        <TALLYMESSAGE xmlns:UDF="TallyUDF">
          <VOUCHER VCHTYPE="Payment" ACTION="Create">
            <DATE>20181011</DATE>
            <VOUCHERTYPENAME>Payment</VOUCHERTYPENAME>
            <NARRATION>FUND TRANSFER</NARRATION>
            <ALLLEDGERENTRIES.LIST>
              <LEDGERNAME>FUND TRANSFER</LEDGERNAME>
              <ISDEEMEDPOSITIVE>Yes</ISDEEMEDPOSITIVE>
              <AMOUNT>-11848.0</AMOUNT>
            </ALLLEDGERENTRIES.LIST>
            <ALLLEDGERENTRIES.LIST>
              <LEDGERNAME>HDFC Bank</LEDGERNAME>
              <ISDEEMEDPOSITIVE>No</ISDEEMEDPOSITIVE>
              <AMOUNT>11848.0</AMOUNT>
            </ALLLEDGERENTRIES.LIST>
          </VOUCHER>
        </TALLYMESSAGE>
        <TALLYMESSAGE xmlns:UDF="TallyUDF">
          <VOUCHER VCHTYPE="Payment" ACTION="Create">
            <DATE>20181011</DATE>
            <VOUCHERTYPENAME>Payment</VOUCHERTYPENAME>
            <NARRATION>FUND TRANSFER</NARRATION>
            <ALLLEDGERENTRIES.LIST>
              <LEDGERNAME>FUND TRANSFER</LEDGERNAME>
              <ISDEEMEDPOSITIVE>Yes</ISDEEMEDPOSITIVE>
              <AMOUNT>-1293.33</AMOUNT>
            </ALLLEDGERENTRIES.LIST>
            <ALLLEDGERENTRIES.LIST>
              <LEDGERNAME>HDFC Bank</LEDGERNAME>
              <ISDEEMEDPOSITIVE>No</ISDEEMEDPOSITIVE>
              <AMOUNT>1293.33</AMOUNT>
            </ALLLEDGERENTRIES.LIST>
          </VOUCHER>
        </TALLYMESSAGE>
        <TALLYMESSAGE xmlns:UDF="TallyUDF">
          <VOUCHER VCHTYPE="Payment" ACTION="Create">
            <DATE>20181012</DATE>
            <VOUCHERTYPENAME>Payment</VOUCHERTYPENAME>
            <NARRATION>ATM WITHDRAWAL NEWDELHI</NARRATION>
            <ALLLEDGERENTRIES.LIST>
              <LEDGERNAME>ATM WITHDRAWAL NEWDELHI</LEDGERNAME>
              <ISDEEMEDPOSITIVE>Yes</ISDEEMEDPOSITIVE>
              <AMOUNT>-3500.0</AMOUNT>
            </ALLLEDGERENTRIES.LIST>
            <ALLLEDGERENTRIES.LIST>
              <LEDGERNAME>HDFC Bank</LEDGERNAME>
              <ISDEEMEDPOSITIVE>No</ISDEEMEDPOSITIVE>
              <AMOUNT>3500.0</AMOUNT>
            </ALLLEDGERENTRIES.LIST>
          </VOUCHER>
        </TALLYMESSAGE>
        <TALLYMESSAGE xmlns:UDF="TallyUDF">
          <VOUCHER VCHTYPE="Payment" ACTION="Create">
            <DATE>20181014</DATE>
            <VOUCHERTYPENAME>Payment</VOUCHERTYPENAME>
            <NARRATION>UPI TRANSFER</NARRATION>
            <ALLLEDGERENTRIES.LIST>
              <LEDGERNAME>UPI TRANSFER</LEDGERNAME>
              <ISDEEMEDPOSITIVE>Yes</ISDEEMEDPOSITIVE>
              <AMOUNT>-51.0</AMOUNT>
            </ALLLEDGERENTRIES.LIST>
            <ALLLEDGERENTRIES.LIST>
              <LEDGERNAME>HDFC Bank</LEDGERNAME>
              <ISDEEMEDPOSITIVE>No</ISDEEMEDPOSITIVE>
              <AMOUNT>51.0</AMOUNT>
            </ALLLEDGERENTRIES.LIST>
          </VOUCHER>
        </TALLYMESSAGE>
        <TALLYMESSAGE xmlns:UDF="TallyUDF">
          <VOUCHER VCHTYPE="Payment" ACTION="Create">
            <DATE>20181016</DATE>
            <VOUCHERTYPENAME>Payment</VOUCHERTYPENAME>
            <NARRATION>BANK FEE ATMCASH 388</NARRATION>
            <ALLLEDGERENTRIES.LIST>
              <LEDGERNAME>BANK FEE ATMCASH 388</LEDGERNAME>
              <ISDEEMEDPOSITIVE>Yes</ISDEEMEDPOSITIVE>
              <AMOUNT>-23.6</AMOUNT>
            </ALLLEDGERENTRIES.LIST>
            <ALLLEDGERENTRIES.LIST>
              <LEDGERNAME>HDFC Bank</LEDGERNAME>
              <ISDEEMEDPOSITIVE>No</ISDEEMEDPOSITIVE>
              <AMOUNT>23.6</AMOUNT>
            </ALLLEDGERENTRIES.LIST>
          </VOUCHER>
        </TALLYMESSAGE>
        <TALLYMESSAGE xmlns:UDF="TallyUDF">
          <VOUCHER VCHTYPE="Payment" ACTION="Create">
            <DATE>20181021</DATE>
            <VOUCHERTYPENAME>Payment</VOUCHERTYPENAME>
            <NARRATION>ATM WITHDRAWAL DELHI</NARRATION>
            <ALLLEDGERENTRIES.LIST>
              <LEDGERNAME>ATM WITHDRAWAL DELHI</LEDGERNAME>
              <ISDEEMEDPOSITIVE>Yes</ISDEEMEDPOSITIVE>
              <AMOUNT>-500.0</AMOUNT>
            </ALLLEDGERENTRIES.LIST>
            <ALLLEDGERENTRIES.LIST>
              <LEDGERNAME>HDFC Bank</LEDGERNAME>
              <ISDEEMEDPOSITIVE>No</ISDEEMEDPOSITIVE>
              <AMOUNT>500.0</AMOUNT>
            </ALLLEDGERENTRIES.LIST>
          </VOUCHER>
        </TALLYMESSAGE>
        <TALLYMESSAGE xmlns:UDF="TallyUDF">
          <VOUCHER VCHTYPE="Payment" ACTION="Create">
            <DATE>20181022</DATE>
            <VOUCHERTYPENAME>Payment</VOUCHERTYPENAME>
            <NARRATION>BANK FEE ATMCASH 670</NARRATION>
            <ALLLEDGERENTRIES.LIST>
              <LEDGERNAME>BANK FEE ATMCASH 670</LEDGERNAME>
              <ISDEEMEDPOSITIVE>Yes</ISDEEMEDPOSITIVE>
              <AMOUNT>-23.6</AMOUNT>
            </ALLLEDGERENTRIES.LIST>
            <ALLLEDGERENTRIES.LIST>
              <LEDGERNAME>HDFC Bank</LEDGERNAME>
              <ISDEEMEDPOSITIVE>No</ISDEEMEDPOSITIVE>
              <AMOUNT>23.6</AMOUNT>
            </ALLLEDGERENTRIES.LIST>
          </VOUCHER>
        </TALLYMESSAGE>
        <TALLYMESSAGE xmlns:UDF="TallyUDF">
          <VOUCHER VCHTYPE="Payment" ACTION="Create">
            <DATE>20181022</DATE>
            <VOUCHERTYPENAME>Payment</VOUCHERTYPENAME>
            <NARRATION>BANK FEE ATMNONCASH</NARRATION>
            <ALLLEDGERENTRIES.LIST>
              <LEDGERNAME>BANK FEE ATMNONCASH</LEDGERNAME>
              <ISDEEMEDPOSITIVE>Yes</ISDEEMEDPOSITIVE>
              <AMOUNT>-10.04</AMOUNT>
            </ALLLEDGERENTRIES.LIST>
            <ALLLEDGERENTRIES.LIST>
              <LEDGERNAME>HDFC Bank</LEDGERNAME>
              <ISDEEMEDPOSITIVE>No</ISDEEMEDPOSITIVE>
              <AMOUNT>10.04</AMOUNT>
            </ALLLEDGERENTRIES.LIST>
          </VOUCHER>
        </TALLYMESSAGE>
        <TALLYMESSAGE xmlns:UDF="TallyUDF">
          <VOUCHER VCHTYPE="Payment" ACTION="Create">
            <DATE>20181027</DATE>
            <VOUCHERTYPENAME>Payment</VOUCHERTYPENAME>
            <NARRATION>UPI TRANSFER</NARRATION>
            <ALLLEDGERENTRIES.LIST>
              <LEDGERNAME>UPI TRANSFER</LEDGERNAME>
              <ISDEEMEDPOSITIVE>Yes</ISDEEMEDPOSITIVE>
              <AMOUNT>-10.5</AMOUNT>
            </ALLLEDGERENTRIES.LIST>
            <ALLLEDGERENTRIES.LIST>
              <LEDGERNAME>HDFC Bank</LEDGERNAME>
              <ISDEEMEDPOSITIVE>No</ISDEEMEDPOSITIVE>
              <AMOUNT>10.5</AMOUNT>
            </ALLLEDGERENTRIES.LIST>
          </VOUCHER>
        </TALLYMESSAGE>
        <TALLYMESSAGE xmlns:UDF="TallyUDF">
          <VOUCHER VCHTYPE="Payment" ACTION="Create">
            <DATE>20181027</DATE>
            <VOUCHERTYPENAME>Payment</VOUCHERTYPENAME>
            <NARRATION>UPI TRANSFER</NARRATION>
            <ALLLEDGERENTRIES.LIST>
              <LEDGERNAME>UPI TRANSFER</LEDGERNAME>
              <ISDEEMEDPOSITIVE>Yes</ISDEEMEDPOSITIVE>
              <AMOUNT>-21.0</AMOUNT>
            </ALLLEDGERENTRIES.LIST>
            <ALLLEDGERENTRIES.LIST>
              <LEDGERNAME>HDFC Bank</LEDGERNAME>
              <ISDEEMEDPOSITIVE>No</ISDEEMEDPOSITIVE>
              <AMOUNT>21.0</AMOUNT>
            </ALLLEDGERENTRIES.LIST>
          </VOUCHER>
        </TALLYMESSAGE>
        <TALLYMESSAGE xmlns:UDF="TallyUDF">
          <VOUCHER VCHTYPE="Receipt" ACTION="Create">
            <DATE>20181103</DATE>
            <VOUCHERTYPENAME>Receipt</VOUCHERTYPENAME>
            <NARRATION>SALARY SIZWAN</NARRATION>
            <ALLLEDGERENTRIES.LIST>
              <LEDGERNAME>SALARY SIZWAN</LEDGERNAME>
              <ISDEEMEDPOSITIVE>No</ISDEEMEDPOSITIVE>
              <AMOUNT>16690.0</AMOUNT>
            </ALLLEDGERENTRIES.LIST>
            <ALLLEDGERENTRIES.LIST>
              <LEDGERNAME>HDFC Bank</LEDGERNAME>
              <ISDEEMEDPOSITIVE>Yes</ISDEEMEDPOSITIVE>
              <AMOUNT>-16690.0</AMOUNT>
            </ALLLEDGERENTRIES.LIST>
          </VOUCHER>
        </TALLYMESSAGE>
        <TALLYMESSAGE xmlns:UDF="TallyUDF">
          <VOUCHER VCHTYPE="Payment" ACTION="Create">
            <DATE>20181103</DATE>
            <VOUCHERTYPENAME>Payment</VOUCHERTYPENAME>
            <NARRATION>PHONEPERECHPO</NARRATION>
            <ALLLEDGERENTRIES.LIST>
              <LEDGERNAME>PHONEPERECHPO</LEDGERNAME>
              <ISDEEMEDPOSITIVE>Yes</ISDEEMEDPOSITIVE>
              <AMOUNT>-139.0</AMOUNT>
            </ALLLEDGERENTRIES.LIST>
            <ALLLEDGERENTRIES.LIST>
              <LEDGERNAME>HDFC Bank</LEDGERNAME>
              <ISDEEMEDPOSITIVE>No</ISDEEMEDPOSITIVE>
              <AMOUNT>139.0</AMOUNT>
            </ALLLEDGERENTRIES.LIST>
          </VOUCHER>
        </TALLYMESSAGE>
        <TALLYMESSAGE xmlns:UDF="TallyUDF">
          <VOUCHER VCHTYPE="Payment" ACTION="Create">
            <DATE>20181105</DATE>
            <VOUCHERTYPENAME>Payment</VOUCHERTYPENAME>
            <NARRATION>BESTDEAL,POSDEBI</NARRATION>
            <ALLLEDGERENTRIES.LIST>
              <LEDGERNAME>BESTDEAL,POSDEBI</LEDGERNAME>
              <ISDEEMEDPOSITIVE>Yes</ISDEEMEDPOSITIVE>
              <AMOUNT>-1.0</AMOUNT>
            </ALLLEDGERENTRIES.LIST>
            <ALLLEDGERENTRIES.LIST>
              <LEDGERNAME>HDFC Bank</LEDGERNAME>
              <ISDEEMEDPOSITIVE>No</ISDEEMEDPOSITIVE>
              <AMOUNT>1.0</AMOUNT>
            </ALLLEDGERENTRIES.LIST>
          </VOUCHER>
        </TALLYMESSAGE>
        <TALLYMESSAGE xmlns:UDF="TallyUDF">
          <VOUCHER VCHTYPE="Payment" ACTION="Create">
            <DATE>20181106</DATE>
            <VOUCHERTYPENAME>Payment</VOUCHERTYPENAME>
            <NARRATION>UKARHEALTHCAREPO</NARRATION>
            <ALLLEDGERENTRIES.LIST>
              <LEDGERNAME>UKARHEALTHCAREPO</LEDGERNAME>
              <ISDEEMEDPOSITIVE>Yes</ISDEEMEDPOSITIVE>
              <AMOUNT>-300.0</AMOUNT>
            </ALLLEDGERENTRIES.LIST>
            <ALLLEDGERENTRIES.LIST>
              <LEDGERNAME>HDFC Bank</LEDGERNAME>
              <ISDEEMEDPOSITIVE>No</ISDEEMEDPOSITIVE>
              <AMOUNT>300.0</AMOUNT>
            </ALLLEDGERENTRIES.LIST>
          </VOUCHER>
        </TALLYMESSAGE>
        <TALLYMESSAGE xmlns:UDF="TallyUDF">
          <VOUCHER VCHTYPE="Payment" ACTION="Create">
            <DATE>20181106</DATE>
            <VOUCHERTYPENAME>Payment</VOUCHERTYPENAME>
            <NARRATION>UPI TRANSFER</NARRATION>
            <ALLLEDGERENTRIES.LIST>
              <LEDGERNAME>UPI TRANSFER</LEDGERNAME>
              <ISDEEMEDPOSITIVE>Yes</ISDEEMEDPOSITIVE>
              <AMOUNT>-5.0</AMOUNT>
            </ALLLEDGERENTRIES.LIST>
            <ALLLEDGERENTRIES.LIST>
              <LEDGERNAME>HDFC Bank</LEDGERNAME>
              <ISDEEMEDPOSITIVE>No</ISDEEMEDPOSITIVE>
              <AMOUNT>5.0</AMOUNT>
            </ALLLEDGERENTRIES.LIST>
          </VOUCHER>
        </TALLYMESSAGE>
        <TALLYMESSAGE xmlns:UDF="TallyUDF">
          <VOUCHER VCHTYPE="Payment" ACTION="Create">
            <DATE>20181107</DATE>
            <VOUCHERTYPENAME>Payment</VOUCHERTYPENAME>
            <NARRATION>CREDIT CARD AUTOPAY</NARRATION>
            <ALLLEDGERENTRIES.LIST>
              <LEDGERNAME>CREDIT CARD AUTOPAY</LEDGERNAME>
              <ISDEEMEDPOSITIVE>Yes</ISDEEMEDPOSITIVE>
              <AMOUNT>-2283.0</AMOUNT>
            </ALLLEDGERENTRIES.LIST>
            <ALLLEDGERENTRIES.LIST>
              <LEDGERNAME>HDFC Bank</LEDGERNAME>
              <ISDEEMEDPOSITIVE>No</ISDEEMEDPOSITIVE>
              <AMOUNT>2283.0</AMOUNT>
            </ALLLEDGERENTRIES.LIST>
          </VOUCHER>
        </TALLYMESSAGE>
        <TALLYMESSAGE xmlns:UDF="TallyUDF">
          <VOUCHER VCHTYPE="Payment" ACTION="Create">
            <DATE>20181107</DATE>
            <VOUCHERTYPENAME>Payment</VOUCHERTYPENAME>
            <NARRATION>UKARHEALTHCAREPO</NARRATION>
            <ALLLEDGERENTRIES.LIST>
              <LEDGERNAME>UKARHEALTHCAREPO</LEDGERNAME>
              <ISDEEMEDPOSITIVE>Yes</ISDEEMEDPOSITIVE>
              <AMOUNT>-200.0</AMOUNT>
            </ALLLEDGERENTRIES.LIST>
            <ALLLEDGERENTRIES.LIST>
              <LEDGERNAME>HDFC Bank</LEDGERNAME>
              <ISDEEMEDPOSITIVE>No</ISDEEMEDPOSITIVE>
              <AMOUNT>200.0</AMOUNT>
            </ALLLEDGERENTRIES.LIST>
          </VOUCHER>
        </TALLYMESSAGE>
        <TALLYMESSAGE xmlns:UDF="TallyUDF">
          <VOUCHER VCHTYPE="Payment" ACTION="Create">
            <DATE>20181108</DATE>
            <VOUCHERTYPENAME>Payment</VOUCHERTYPENAME>
            <NARRATION>CREDIT CARD AUTOPAY</NARRATION>
            <ALLLEDGERENTRIES.LIST>
              <LEDGERNAME>CREDIT CARD AUTOPAY</LEDGERNAME>
              <ISDEEMEDPOSITIVE>Yes</ISDEEMEDPOSITIVE>
              <AMOUNT>-13299.0</AMOUNT>
            </ALLLEDGERENTRIES.LIST>
            <ALLLEDGERENTRIES.LIST>
              <LEDGERNAME>HDFC Bank</LEDGERNAME>
              <ISDEEMEDPOSITIVE>No</ISDEEMEDPOSITIVE>
              <AMOUNT>13299.0</AMOUNT>
            </ALLLEDGERENTRIES.LIST>
          </VOUCHER>
        </TALLYMESSAGE>
        <TALLYMESSAGE xmlns:UDF="TallyUDF">
          <VOUCHER VCHTYPE="Payment" ACTION="Create">
            <DATE>20181111</DATE>
            <VOUCHERTYPENAME>Payment</VOUCHERTYPENAME>
            <NARRATION>UPI TRANSFER</NARRATION>
            <ALLLEDGERENTRIES.LIST>
              <LEDGERNAME>UPI TRANSFER</LEDGERNAME>
              <ISDEEMEDPOSITIVE>Yes</ISDEEMEDPOSITIVE>
              <AMOUNT>-10.0</AMOUNT>
            </ALLLEDGERENTRIES.LIST>
            <ALLLEDGERENTRIES.LIST>
              <LEDGERNAME>HDFC Bank</LEDGERNAME>
              <ISDEEMEDPOSITIVE>No</ISDEEMEDPOSITIVE>
              <AMOUNT>10.0</AMOUNT>
            </ALLLEDGERENTRIES.LIST>
          </VOUCHER>
        </TALLYMESSAGE>
        <TALLYMESSAGE xmlns:UDF="TallyUDF">
          <VOUCHER VCHTYPE="Payment" ACTION="Create">
            <DATE>20181111</DATE>
            <VOUCHERTYPENAME>Payment</VOUCHERTYPENAME>
            <NARRATION>UPI TRANSFER</NARRATION>
            <ALLLEDGERENTRIES.LIST>
              <LEDGERNAME>UPI TRANSFER</LEDGERNAME>
              <ISDEEMEDPOSITIVE>Yes</ISDEEMEDPOSITIVE>
              <AMOUNT>-20.0</AMOUNT>
            </ALLLEDGERENTRIES.LIST>
            <ALLLEDGERENTRIES.LIST>
              <LEDGERNAME>HDFC Bank</LEDGERNAME>
              <ISDEEMEDPOSITIVE>No</ISDEEMEDPOSITIVE>
              <AMOUNT>20.0</AMOUNT>
            </ALLLEDGERENTRIES.LIST>
          </VOUCHER>
        </TALLYMESSAGE>
        <TALLYMESSAGE xmlns:UDF="TallyUDF">
          <VOUCHER VCHTYPE="Receipt" ACTION="Create">
            <DATE>20181111</DATE>
            <VOUCHERTYPENAME>Receipt</VOUCHERTYPENAME>
            <NARRATION>UPI TRANSFER</NARRATION>
            <ALLLEDGERENTRIES.LIST>
              <LEDGERNAME>UPI TRANSFER</LEDGERNAME>
              <ISDEEMEDPOSITIVE>No</ISDEEMEDPOSITIVE>
              <AMOUNT>500.0</AMOUNT>
            </ALLLEDGERENTRIES.LIST>
            <ALLLEDGERENTRIES.LIST>
              <LEDGERNAME>HDFC Bank</LEDGERNAME>
              <ISDEEMEDPOSITIVE>Yes</ISDEEMEDPOSITIVE>
              <AMOUNT>-500.0</AMOUNT>
            </ALLLEDGERENTRIES.LIST>
          </VOUCHER>
        </TALLYMESSAGE>
        <TALLYMESSAGE xmlns:UDF="TallyUDF">
          <VOUCHER VCHTYPE="Payment" ACTION="Create">
            <DATE>20181111</DATE>
            <VOUCHERTYPENAME>Payment</VOUCHERTYPENAME>
            <NARRATION>UPI TRANSFER</NARRATION>
            <ALLLEDGERENTRIES.LIST>
              <LEDGERNAME>UPI TRANSFER</LEDGERNAME>
              <ISDEEMEDPOSITIVE>Yes</ISDEEMEDPOSITIVE>
              <AMOUNT>-560.0</AMOUNT>
            </ALLLEDGERENTRIES.LIST>
            <ALLLEDGERENTRIES.LIST>
              <LEDGERNAME>HDFC Bank</LEDGERNAME>
              <ISDEEMEDPOSITIVE>No</ISDEEMEDPOSITIVE>
              <AMOUNT>560.0</AMOUNT>
            </ALLLEDGERENTRIES.LIST>
          </VOUCHER>
        </TALLYMESSAGE>
        <TALLYMESSAGE xmlns:UDF="TallyUDF">
          <VOUCHER VCHTYPE="Payment" ACTION="Create">
            <DATE>20181114</DATE>
            <VOUCHERTYPENAME>Payment</VOUCHERTYPENAME>
            <NARRATION>UPI TRANSFER</NARRATION>
            <ALLLEDGERENTRIES.LIST>
              <LEDGERNAME>UPI TRANSFER</LEDGERNAME>
              <ISDEEMEDPOSITIVE>Yes</ISDEEMEDPOSITIVE>
              <AMOUNT>-90.0</AMOUNT>
            </ALLLEDGERENTRIES.LIST>
            <ALLLEDGERENTRIES.LIST>
              <LEDGERNAME>HDFC Bank</LEDGERNAME>
              <ISDEEMEDPOSITIVE>No</ISDEEMEDPOSITIVE>
              <AMOUNT>90.0</AMOUNT>
            </ALLLEDGERENTRIES.LIST>
          </VOUCHER>
        </TALLYMESSAGE>
        <TALLYMESSAGE xmlns:UDF="TallyUDF">
          <VOUCHER VCHTYPE="Payment" ACTION="Create">
            <DATE>20181118</DATE>
            <VOUCHERTYPENAME>Payment</VOUCHERTYPENAME>
            <NARRATION>UPI TRANSFER</NARRATION>
            <ALLLEDGERENTRIES.LIST>
              <LEDGERNAME>UPI TRANSFER</LEDGERNAME>
              <ISDEEMEDPOSITIVE>Yes</ISDEEMEDPOSITIVE>
              <AMOUNT>-127.95</AMOUNT>
            </ALLLEDGERENTRIES.LIST>
            <ALLLEDGERENTRIES.LIST>
              <LEDGERNAME>HDFC Bank</LEDGERNAME>
              <ISDEEMEDPOSITIVE>No</ISDEEMEDPOSITIVE>
              <AMOUNT>127.95</AMOUNT>
            </ALLLEDGERENTRIES.LIST>
          </VOUCHER>
        </TALLYMESSAGE>
        <TALLYMESSAGE xmlns:UDF="TallyUDF">
          <VOUCHER VCHTYPE="Payment" ACTION="Create">
            <DATE>20181118</DATE>
            <VOUCHERTYPENAME>Payment</VOUCHERTYPENAME>
            <NARRATION>UPI TRANSFER</NARRATION>
            <ALLLEDGERENTRIES.LIST>
              <LEDGERNAME>UPI TRANSFER</LEDGERNAME>
              <ISDEEMEDPOSITIVE>Yes</ISDEEMEDPOSITIVE>
              <AMOUNT>-24.48</AMOUNT>
            </ALLLEDGERENTRIES.LIST>
            <ALLLEDGERENTRIES.LIST>
              <LEDGERNAME>HDFC Bank</LEDGERNAME>
              <ISDEEMEDPOSITIVE>No</ISDEEMEDPOSITIVE>
              <AMOUNT>24.48</AMOUNT>
            </ALLLEDGERENTRIES.LIST>
          </VOUCHER>
        </TALLYMESSAGE>
        <TALLYMESSAGE xmlns:UDF="TallyUDF">
          <VOUCHER VCHTYPE="Payment" ACTION="Create">
            <DATE>20181205</DATE>
            <VOUCHERTYPENAME>Payment</VOUCHERTYPENAME>
            <NARRATION>CREDIT CARD AUTOPAY</NARRATION>
            <ALLLEDGERENTRIES.LIST>
              <LEDGERNAME>CREDIT CARD AUTOPAY</LEDGERNAME>
              <ISDEEMEDPOSITIVE>Yes</ISDEEMEDPOSITIVE>
              <AMOUNT>-1832.0</AMOUNT>
            </ALLLEDGERENTRIES.LIST>
            <ALLLEDGERENTRIES.LIST>
              <LEDGERNAME>HDFC Bank</LEDGERNAME>
              <ISDEEMEDPOSITIVE>No</ISDEEMEDPOSITIVE>
              <AMOUNT>1832.0</AMOUNT>
            </ALLLEDGERENTRIES.LIST>
          </VOUCHER>
        </TALLYMESSAGE>
        <TALLYMESSAGE xmlns:UDF="TallyUDF">
          <VOUCHER VCHTYPE="Receipt" ACTION="Create">
            <DATE>20181205</DATE>
            <VOUCHERTYPENAME>Receipt</VOUCHERTYPENAME>
            <NARRATION>CREDIT CARD AUTOPAY</NARRATION>
            <ALLLEDGERENTRIES.LIST>
              <LEDGERNAME>CREDIT CARD AUTOPAY</LEDGERNAME>
              <ISDEEMEDPOSITIVE>No</ISDEEMEDPOSITIVE>
              <AMOUNT>1832.0</AMOUNT>
            </ALLLEDGERENTRIES.LIST>
            <ALLLEDGERENTRIES.LIST>
              <LEDGERNAME>HDFC Bank</LEDGERNAME>
              <ISDEEMEDPOSITIVE>Yes</ISDEEMEDPOSITIVE>
              <AMOUNT>-1832.0</AMOUNT>
            </ALLLEDGERENTRIES.LIST>
          </VOUCHER>
        </TALLYMESSAGE>
        <TALLYMESSAGE xmlns:UDF="TallyUDF">
          <VOUCHER VCHTYPE="Payment" ACTION="Create">
            <DATE>20181205</DATE>
            <VOUCHERTYPENAME>Payment</VOUCHERTYPENAME>
            <NARRATION>CREDIT CARD AUTOPAY</NARRATION>
            <ALLLEDGERENTRIES.LIST>
              <LEDGERNAME>CREDIT CARD AUTOPAY</LEDGERNAME>
              <ISDEEMEDPOSITIVE>Yes</ISDEEMEDPOSITIVE>
              <AMOUNT>-1832.0</AMOUNT>
            </ALLLEDGERENTRIES.LIST>
            <ALLLEDGERENTRIES.LIST>
              <LEDGERNAME>HDFC Bank</LEDGERNAME>
              <ISDEEMEDPOSITIVE>No</ISDEEMEDPOSITIVE>
              <AMOUNT>1832.0</AMOUNT>
            </ALLLEDGERENTRIES.LIST>
          </VOUCHER>
        </TALLYMESSAGE>
        <TALLYMESSAGE xmlns:UDF="TallyUDF">
          <VOUCHER VCHTYPE="Receipt" ACTION="Create">
            <DATE>20181205</DATE>
            <VOUCHERTYPENAME>Receipt</VOUCHERTYPENAME>
            <NARRATION>CREDIT CARD AUTOPAY</NARRATION>
            <ALLLEDGERENTRIES.LIST>
              <LEDGERNAME>CREDIT CARD AUTOPAY</LEDGERNAME>
              <ISDEEMEDPOSITIVE>No</ISDEEMEDPOSITIVE>
              <AMOUNT>1832.0</AMOUNT>
            </ALLLEDGERENTRIES.LIST>
            <ALLLEDGERENTRIES.LIST>
              <LEDGERNAME>HDFC Bank</LEDGERNAME>
              <ISDEEMEDPOSITIVE>Yes</ISDEEMEDPOSITIVE>
              <AMOUNT>-1832.0</AMOUNT>
            </ALLLEDGERENTRIES.LIST>
          </VOUCHER>
        </TALLYMESSAGE>
        <TALLYMESSAGE xmlns:UDF="TallyUDF">
          <VOUCHER VCHTYPE="Payment" ACTION="Create">
            <DATE>20181208</DATE>
            <VOUCHERTYPENAME>Payment</VOUCHERTYPENAME>
            <NARRATION>CREDIT CARD AUTOPAY</NARRATION>
            <ALLLEDGERENTRIES.LIST>
              <LEDGERNAME>CREDIT CARD AUTOPAY</LEDGERNAME>
              <ISDEEMEDPOSITIVE>Yes</ISDEEMEDPOSITIVE>
              <AMOUNT>-1866.0</AMOUNT>
            </ALLLEDGERENTRIES.LIST>
            <ALLLEDGERENTRIES.LIST>
              <LEDGERNAME>HDFC Bank</LEDGERNAME>
              <ISDEEMEDPOSITIVE>No</ISDEEMEDPOSITIVE>
              <AMOUNT>1866.0</AMOUNT>
            </ALLLEDGERENTRIES.LIST>
          </VOUCHER>
        </TALLYMESSAGE>
        <TALLYMESSAGE xmlns:UDF="TallyUDF">
          <VOUCHER VCHTYPE="Receipt" ACTION="Create">
            <DATE>20181208</DATE>
            <VOUCHERTYPENAME>Receipt</VOUCHERTYPENAME>
            <NARRATION>CREDIT CARD AUTOPAY</NARRATION>
            <ALLLEDGERENTRIES.LIST>
              <LEDGERNAME>CREDIT CARD AUTOPAY</LEDGERNAME>
              <ISDEEMEDPOSITIVE>No</ISDEEMEDPOSITIVE>
              <AMOUNT>1866.0</AMOUNT>
            </ALLLEDGERENTRIES.LIST>
            <ALLLEDGERENTRIES.LIST>
              <LEDGERNAME>HDFC Bank</LEDGERNAME>
              <ISDEEMEDPOSITIVE>Yes</ISDEEMEDPOSITIVE>
              <AMOUNT>-1866.0</AMOUNT>
            </ALLLEDGERENTRIES.LIST>
          </VOUCHER>
        </TALLYMESSAGE>
        <TALLYMESSAGE xmlns:UDF="TallyUDF">
          <VOUCHER VCHTYPE="Receipt" ACTION="Create">
            <DATE>20181208</DATE>
            <VOUCHERTYPENAME>Receipt</VOUCHERTYPENAME>
            <NARRATION>UPI TRANSFER</NARRATION>
            <ALLLEDGERENTRIES.LIST>
              <LEDGERNAME>UPI TRANSFER</LEDGERNAME>
              <ISDEEMEDPOSITIVE>No</ISDEEMEDPOSITIVE>
              <AMOUNT>20.0</AMOUNT>
            </ALLLEDGERENTRIES.LIST>
            <ALLLEDGERENTRIES.LIST>
              <LEDGERNAME>HDFC Bank</LEDGERNAME>
              <ISDEEMEDPOSITIVE>Yes</ISDEEMEDPOSITIVE>
              <AMOUNT>-20.0</AMOUNT>
            </ALLLEDGERENTRIES.LIST>
          </VOUCHER>
        </TALLYMESSAGE>
        <TALLYMESSAGE xmlns:UDF="TallyUDF">
          <VOUCHER VCHTYPE="Payment" ACTION="Create">
            <DATE>20181209</DATE>
            <VOUCHERTYPENAME>Payment</VOUCHERTYPENAME>
            <NARRATION>CREDIT CARD AUTOPAY</NARRATION>
            <ALLLEDGERENTRIES.LIST>
              <LEDGERNAME>CREDIT CARD AUTOPAY</LEDGERNAME>
              <ISDEEMEDPOSITIVE>Yes</ISDEEMEDPOSITIVE>
              <AMOUNT>-14078.0</AMOUNT>
            </ALLLEDGERENTRIES.LIST>
            <ALLLEDGERENTRIES.LIST>
              <LEDGERNAME>HDFC Bank</LEDGERNAME>
              <ISDEEMEDPOSITIVE>No</ISDEEMEDPOSITIVE>
              <AMOUNT>14078.0</AMOUNT>
            </ALLLEDGERENTRIES.LIST>
          </VOUCHER>
        </TALLYMESSAGE>
        <TALLYMESSAGE xmlns:UDF="TallyUDF">
          <VOUCHER VCHTYPE="Receipt" ACTION="Create">
            <DATE>20181209</DATE>
            <VOUCHERTYPENAME>Receipt</VOUCHERTYPENAME>
            <NARRATION>CREDIT CARD AUTOPAY</NARRATION>
            <ALLLEDGERENTRIES.LIST>
              <LEDGERNAME>CREDIT CARD AUTOPAY</LEDGERNAME>
              <ISDEEMEDPOSITIVE>No</ISDEEMEDPOSITIVE>
              <AMOUNT>14078.0</AMOUNT>
            </ALLLEDGERENTRIES.LIST>
            <ALLLEDGERENTRIES.LIST>
              <LEDGERNAME>HDFC Bank</LEDGERNAME>
              <ISDEEMEDPOSITIVE>Yes</ISDEEMEDPOSITIVE>
              <AMOUNT>-14078.0</AMOUNT>
            </ALLLEDGERENTRIES.LIST>
          </VOUCHER>
        </TALLYMESSAGE>
        <TALLYMESSAGE xmlns:UDF="TallyUDF">
          <VOUCHER VCHTYPE="Payment" ACTION="Create">
            <DATE>20181209</DATE>
            <VOUCHERTYPENAME>Payment</VOUCHERTYPENAME>
            <NARRATION>CREDIT CARD AUTOPAY</NARRATION>
            <ALLLEDGERENTRIES.LIST>
              <LEDGERNAME>CREDIT CARD AUTOPAY</LEDGERNAME>
              <ISDEEMEDPOSITIVE>Yes</ISDEEMEDPOSITIVE>
              <AMOUNT>-1647.0</AMOUNT>
            </ALLLEDGERENTRIES.LIST>
            <ALLLEDGERENTRIES.LIST>
              <LEDGERNAME>HDFC Bank</LEDGERNAME>
              <ISDEEMEDPOSITIVE>No</ISDEEMEDPOSITIVE>
              <AMOUNT>1647.0</AMOUNT>
            </ALLLEDGERENTRIES.LIST>
          </VOUCHER>
        </TALLYMESSAGE>
        <TALLYMESSAGE xmlns:UDF="TallyUDF">
          <VOUCHER VCHTYPE="Receipt" ACTION="Create">
            <DATE>20181209</DATE>
            <VOUCHERTYPENAME>Receipt</VOUCHERTYPENAME>
            <NARRATION>CREDIT CARD AUTOPAY</NARRATION>
            <ALLLEDGERENTRIES.LIST>
              <LEDGERNAME>CREDIT CARD AUTOPAY</LEDGERNAME>
              <ISDEEMEDPOSITIVE>No</ISDEEMEDPOSITIVE>
              <AMOUNT>1647.0</AMOUNT>
            </ALLLEDGERENTRIES.LIST>
            <ALLLEDGERENTRIES.LIST>
              <LEDGERNAME>HDFC Bank</LEDGERNAME>
              <ISDEEMEDPOSITIVE>Yes</ISDEEMEDPOSITIVE>
              <AMOUNT>-1647.0</AMOUNT>
            </ALLLEDGERENTRIES.LIST>
          </VOUCHER>
        </TALLYMESSAGE>
        <TALLYMESSAGE xmlns:UDF="TallyUDF">
          <VOUCHER VCHTYPE="Receipt" ACTION="Create">
            <DATE>20181210</DATE>
            <VOUCHERTYPENAME>Receipt</VOUCHERTYPENAME>
            <NARRATION>SALARY SIZWAN</NARRATION>
            <ALLLEDGERENTRIES.LIST>
              <LEDGERNAME>SALARY SIZWAN</LEDGERNAME>
              <ISDEEMEDPOSITIVE>No</ISDEEMEDPOSITIVE>
              <AMOUNT>18690.0</AMOUNT>
            </ALLLEDGERENTRIES.LIST>
            <ALLLEDGERENTRIES.LIST>
              <LEDGERNAME>HDFC Bank</LEDGERNAME>
              <ISDEEMEDPOSITIVE>Yes</ISDEEMEDPOSITIVE>
              <AMOUNT>-18690.0</AMOUNT>
            </ALLLEDGERENTRIES.LIST>
          </VOUCHER>
        </TALLYMESSAGE>
        <TALLYMESSAGE xmlns:UDF="TallyUDF">
          <VOUCHER VCHTYPE="Payment" ACTION="Create">
            <DATE>20181210</DATE>
            <VOUCHERTYPENAME>Payment</VOUCHERTYPENAME>
            <NARRATION>ATM WITHDRAWAL NEWDELHI</NARRATION>
            <ALLLEDGERENTRIES.LIST>
              <LEDGERNAME>ATM WITHDRAWAL NEWDELHI</LEDGERNAME>
              <ISDEEMEDPOSITIVE>Yes</ISDEEMEDPOSITIVE>
              <AMOUNT>-15000.0</AMOUNT>
            </ALLLEDGERENTRIES.LIST>
            <ALLLEDGERENTRIES.LIST>
              <LEDGERNAME>HDFC Bank</LEDGERNAME>
              <ISDEEMEDPOSITIVE>No</ISDEEMEDPOSITIVE>
              <AMOUNT>15000.0</AMOUNT>
            </ALLLEDGERENTRIES.LIST>
          </VOUCHER>
        </TALLYMESSAGE>
        <TALLYMESSAGE xmlns:UDF="TallyUDF">
          <VOUCHER VCHTYPE="Payment" ACTION="Create">
            <DATE>20181210</DATE>
            <VOUCHERTYPENAME>Payment</VOUCHERTYPENAME>
            <NARRATION>CASH DEPOSIT 10 DEC 18</NARRATION>
            <ALLLEDGERENTRIES.LIST>
              <LEDGERNAME>CASH DEPOSIT 10 DEC 18</LEDGERNAME>
              <ISDEEMEDPOSITIVE>Yes</ISDEEMEDPOSITIVE>
              <AMOUNT>-2281.61</AMOUNT>
            </ALLLEDGERENTRIES.LIST>
            <ALLLEDGERENTRIES.LIST>
              <LEDGERNAME>HDFC Bank</LEDGERNAME>
              <ISDEEMEDPOSITIVE>No</ISDEEMEDPOSITIVE>
              <AMOUNT>2281.61</AMOUNT>
            </ALLLEDGERENTRIES.LIST>
          </VOUCHER>
        </TALLYMESSAGE>
        <TALLYMESSAGE xmlns:UDF="TallyUDF">
          <VOUCHER VCHTYPE="Payment" ACTION="Create">
            <DATE>20181212</DATE>
            <VOUCHERTYPENAME>Payment</VOUCHERTYPENAME>
            <NARRATION>FUND TRANSFER</NARRATION>
            <ALLLEDGERENTRIES.LIST>
              <LEDGERNAME>FUND TRANSFER</LEDGERNAME>
              <ISDEEMEDPOSITIVE>Yes</ISDEEMEDPOSITIVE>
              <AMOUNT>-1646.76</AMOUNT>
            </ALLLEDGERENTRIES.LIST>
            <ALLLEDGERENTRIES.LIST>
              <LEDGERNAME>HDFC Bank</LEDGERNAME>
              <ISDEEMEDPOSITIVE>No</ISDEEMEDPOSITIVE>
              <AMOUNT>1646.76</AMOUNT>
            </ALLLEDGERENTRIES.LIST>
          </VOUCHER>
        </TALLYMESSAGE>
        <TALLYMESSAGE xmlns:UDF="TallyUDF">
          <VOUCHER VCHTYPE="Receipt" ACTION="Create">
            <DATE>20190101</DATE>
            <VOUCHERTYPENAME>Receipt</VOUCHERTYPENAME>
            <NARRATION>CREDITINTERESTCAPITALISED</NARRATION>
            <ALLLEDGERENTRIES.LIST>
              <LEDGERNAME>CREDITINTERESTCAPITALISED</LEDGERNAME>
              <ISDEEMEDPOSITIVE>No</ISDEEMEDPOSITIVE>
              <AMOUNT>13.0</AMOUNT>
            </ALLLEDGERENTRIES.LIST>
            <ALLLEDGERENTRIES.LIST>
              <LEDGERNAME>HDFC Bank</LEDGERNAME>
              <ISDEEMEDPOSITIVE>Yes</ISDEEMEDPOSITIVE>
              <AMOUNT>-13.0</AMOUNT>
            </ALLLEDGERENTRIES.LIST>
          </VOUCHER>
        </TALLYMESSAGE>
        <TALLYMESSAGE xmlns:UDF="TallyUDF">
          <VOUCHER VCHTYPE="Receipt" ACTION="Create">
            <DATE>20190105</DATE>
            <VOUCHERTYPENAME>Receipt</VOUCHERTYPENAME>
            <NARRATION>ARIF</NARRATION>
            <ALLLEDGERENTRIES.LIST>
              <LEDGERNAME>ARIF</LEDGERNAME>
              <ISDEEMEDPOSITIVE>No</ISDEEMEDPOSITIVE>
              <AMOUNT>1.0</AMOUNT>
            </ALLLEDGERENTRIES.LIST>
            <ALLLEDGERENTRIES.LIST>
              <LEDGERNAME>HDFC Bank</LEDGERNAME>
              <ISDEEMEDPOSITIVE>Yes</ISDEEMEDPOSITIVE>
              <AMOUNT>-1.0</AMOUNT>
            </ALLLEDGERENTRIES.LIST>
          </VOUCHER>
        </TALLYMESSAGE>
        <TALLYMESSAGE xmlns:UDF="TallyUDF">
          <VOUCHER VCHTYPE="Receipt" ACTION="Create">
            <DATE>20190105</DATE>
            <VOUCHERTYPENAME>Receipt</VOUCHERTYPENAME>
            <NARRATION>ARIF</NARRATION>
            <ALLLEDGERENTRIES.LIST>
              <LEDGERNAME>ARIF</LEDGERNAME>
              <ISDEEMEDPOSITIVE>No</ISDEEMEDPOSITIVE>
              <AMOUNT>1831.0</AMOUNT>
            </ALLLEDGERENTRIES.LIST>
            <ALLLEDGERENTRIES.LIST>
              <LEDGERNAME>HDFC Bank</LEDGERNAME>
              <ISDEEMEDPOSITIVE>Yes</ISDEEMEDPOSITIVE>
              <AMOUNT>-1831.0</AMOUNT>
            </ALLLEDGERENTRIES.LIST>
          </VOUCHER>
        </TALLYMESSAGE>
        <TALLYMESSAGE xmlns:UDF="TallyUDF">
          <VOUCHER VCHTYPE="Receipt" ACTION="Create">
            <DATE>20190105</DATE>
            <VOUCHERTYPENAME>Receipt</VOUCHERTYPENAME>
            <NARRATION>CREDIT CARD AUTOPAY</NARRATION>
            <ALLLEDGERENTRIES.LIST>
              <LEDGERNAME>CREDIT CARD AUTOPAY</LEDGERNAME>
              <ISDEEMEDPOSITIVE>No</ISDEEMEDPOSITIVE>
              <AMOUNT>1913.0</AMOUNT>
            </ALLLEDGERENTRIES.LIST>
            <ALLLEDGERENTRIES.LIST>
              <LEDGERNAME>HDFC Bank</LEDGERNAME>
              <ISDEEMEDPOSITIVE>Yes</ISDEEMEDPOSITIVE>
              <AMOUNT>-1913.0</AMOUNT>
            </ALLLEDGERENTRIES.LIST>
          </VOUCHER>
        </TALLYMESSAGE>
        <TALLYMESSAGE xmlns:UDF="TallyUDF">
          <VOUCHER VCHTYPE="Payment" ACTION="Create">
            <DATE>20190105</DATE>
            <VOUCHERTYPENAME>Payment</VOUCHERTYPENAME>
            <NARRATION>CREDIT CARD AUTOPAY</NARRATION>
            <ALLLEDGERENTRIES.LIST>
              <LEDGERNAME>CREDIT CARD AUTOPAY</LEDGERNAME>
              <ISDEEMEDPOSITIVE>Yes</ISDEEMEDPOSITIVE>
              <AMOUNT>-1913.0</AMOUNT>
            </ALLLEDGERENTRIES.LIST>
            <ALLLEDGERENTRIES.LIST>
              <LEDGERNAME>HDFC Bank</LEDGERNAME>
              <ISDEEMEDPOSITIVE>No</ISDEEMEDPOSITIVE>
              <AMOUNT>1913.0</AMOUNT>
            </ALLLEDGERENTRIES.LIST>
          </VOUCHER>
        </TALLYMESSAGE>
        <TALLYMESSAGE xmlns:UDF="TallyUDF">
          <VOUCHER VCHTYPE="Payment" ACTION="Create">
            <DATE>20190107</DATE>
            <VOUCHERTYPENAME>Payment</VOUCHERTYPENAME>
            <NARRATION>CREDIT CARD AUTOPAY</NARRATION>
            <ALLLEDGERENTRIES.LIST>
              <LEDGERNAME>CREDIT CARD AUTOPAY</LEDGERNAME>
              <ISDEEMEDPOSITIVE>Yes</ISDEEMEDPOSITIVE>
              <AMOUNT>-15365.0</AMOUNT>
            </ALLLEDGERENTRIES.LIST>
            <ALLLEDGERENTRIES.LIST>
              <LEDGERNAME>HDFC Bank</LEDGERNAME>
              <ISDEEMEDPOSITIVE>No</ISDEEMEDPOSITIVE>
              <AMOUNT>15365.0</AMOUNT>
            </ALLLEDGERENTRIES.LIST>
          </VOUCHER>
        </TALLYMESSAGE>
        <TALLYMESSAGE xmlns:UDF="TallyUDF">
          <VOUCHER VCHTYPE="Receipt" ACTION="Create">
            <DATE>20190107</DATE>
            <VOUCHERTYPENAME>Receipt</VOUCHERTYPENAME>
            <NARRATION>CREDIT CARD AUTOPAY</NARRATION>
            <ALLLEDGERENTRIES.LIST>
              <LEDGERNAME>CREDIT CARD AUTOPAY</LEDGERNAME>
              <ISDEEMEDPOSITIVE>No</ISDEEMEDPOSITIVE>
              <AMOUNT>15365.0</AMOUNT>
            </ALLLEDGERENTRIES.LIST>
            <ALLLEDGERENTRIES.LIST>
              <LEDGERNAME>HDFC Bank</LEDGERNAME>
              <ISDEEMEDPOSITIVE>Yes</ISDEEMEDPOSITIVE>
              <AMOUNT>-15365.0</AMOUNT>
            </ALLLEDGERENTRIES.LIST>
          </VOUCHER>
        </TALLYMESSAGE>
        <TALLYMESSAGE xmlns:UDF="TallyUDF">
          <VOUCHER VCHTYPE="Payment" ACTION="Create">
            <DATE>20190107</DATE>
            <VOUCHERTYPENAME>Payment</VOUCHERTYPENAME>
            <NARRATION>CREDIT CARD AUTOPAY</NARRATION>
            <ALLLEDGERENTRIES.LIST>
              <LEDGERNAME>CREDIT CARD AUTOPAY</LEDGERNAME>
              <ISDEEMEDPOSITIVE>Yes</ISDEEMEDPOSITIVE>
              <AMOUNT>-2076.0</AMOUNT>
            </ALLLEDGERENTRIES.LIST>
            <ALLLEDGERENTRIES.LIST>
              <LEDGERNAME>HDFC Bank</LEDGERNAME>
              <ISDEEMEDPOSITIVE>No</ISDEEMEDPOSITIVE>
              <AMOUNT>2076.0</AMOUNT>
            </ALLLEDGERENTRIES.LIST>
          </VOUCHER>
        </TALLYMESSAGE>
        <TALLYMESSAGE xmlns:UDF="TallyUDF">
          <VOUCHER VCHTYPE="Receipt" ACTION="Create">
            <DATE>20190107</DATE>
            <VOUCHERTYPENAME>Receipt</VOUCHERTYPENAME>
            <NARRATION>CREDIT CARD AUTOPAY</NARRATION>
            <ALLLEDGERENTRIES.LIST>
              <LEDGERNAME>CREDIT CARD AUTOPAY</LEDGERNAME>
              <ISDEEMEDPOSITIVE>No</ISDEEMEDPOSITIVE>
              <AMOUNT>2076.0</AMOUNT>
            </ALLLEDGERENTRIES.LIST>
            <ALLLEDGERENTRIES.LIST>
              <LEDGERNAME>HDFC Bank</LEDGERNAME>
              <ISDEEMEDPOSITIVE>Yes</ISDEEMEDPOSITIVE>
              <AMOUNT>-2076.0</AMOUNT>
            </ALLLEDGERENTRIES.LIST>
          </VOUCHER>
        </TALLYMESSAGE>
        <TALLYMESSAGE xmlns:UDF="TallyUDF">
          <VOUCHER VCHTYPE="Payment" ACTION="Create">
            <DATE>20190107</DATE>
            <VOUCHERTYPENAME>Payment</VOUCHERTYPENAME>
            <NARRATION>CREDIT CARD AUTOPAY</NARRATION>
            <ALLLEDGERENTRIES.LIST>
              <LEDGERNAME>CREDIT CARD AUTOPAY</LEDGERNAME>
              <ISDEEMEDPOSITIVE>Yes</ISDEEMEDPOSITIVE>
              <AMOUNT>-2194.0</AMOUNT>
            </ALLLEDGERENTRIES.LIST>
            <ALLLEDGERENTRIES.LIST>
              <LEDGERNAME>HDFC Bank</LEDGERNAME>
              <ISDEEMEDPOSITIVE>No</ISDEEMEDPOSITIVE>
              <AMOUNT>2194.0</AMOUNT>
            </ALLLEDGERENTRIES.LIST>
          </VOUCHER>
        </TALLYMESSAGE>
        <TALLYMESSAGE xmlns:UDF="TallyUDF">
          <VOUCHER VCHTYPE="Receipt" ACTION="Create">
            <DATE>20190107</DATE>
            <VOUCHERTYPENAME>Receipt</VOUCHERTYPENAME>
            <NARRATION>CREDIT CARD AUTOPAY</NARRATION>
            <ALLLEDGERENTRIES.LIST>
              <LEDGERNAME>CREDIT CARD AUTOPAY</LEDGERNAME>
              <ISDEEMEDPOSITIVE>No</ISDEEMEDPOSITIVE>
              <AMOUNT>2194.0</AMOUNT>
            </ALLLEDGERENTRIES.LIST>
            <ALLLEDGERENTRIES.LIST>
              <LEDGERNAME>HDFC Bank</LEDGERNAME>
              <ISDEEMEDPOSITIVE>Yes</ISDEEMEDPOSITIVE>
              <AMOUNT>-2194.0</AMOUNT>
            </ALLLEDGERENTRIES.LIST>
          </VOUCHER>
        </TALLYMESSAGE>
        <TALLYMESSAGE xmlns:UDF="TallyUDF">
          <VOUCHER VCHTYPE="Payment" ACTION="Create">
            <DATE>20190108</DATE>
            <VOUCHERTYPENAME>Payment</VOUCHERTYPENAME>
            <NARRATION>CASH DEPOSIT 08 JAN 19</NARRATION>
            <ALLLEDGERENTRIES.LIST>
              <LEDGERNAME>CASH DEPOSIT 08 JAN 19</LEDGERNAME>
              <ISDEEMEDPOSITIVE>Yes</ISDEEMEDPOSITIVE>
              <AMOUNT>-1847.83</AMOUNT>
            </ALLLEDGERENTRIES.LIST>
            <ALLLEDGERENTRIES.LIST>
              <LEDGERNAME>HDFC Bank</LEDGERNAME>
              <ISDEEMEDPOSITIVE>No</ISDEEMEDPOSITIVE>
              <AMOUNT>1847.83</AMOUNT>
            </ALLLEDGERENTRIES.LIST>
          </VOUCHER>
        </TALLYMESSAGE>
        <TALLYMESSAGE xmlns:UDF="TallyUDF">
          <VOUCHER VCHTYPE="Receipt" ACTION="Create">
            <DATE>20190109</DATE>
            <VOUCHERTYPENAME>Receipt</VOUCHERTYPENAME>
            <NARRATION>SALARY SIZWAN</NARRATION>
            <ALLLEDGERENTRIES.LIST>
              <LEDGERNAME>SALARY SIZWAN</LEDGERNAME>
              <ISDEEMEDPOSITIVE>No</ISDEEMEDPOSITIVE>
              <AMOUNT>15690.0</AMOUNT>
            </ALLLEDGERENTRIES.LIST>
            <ALLLEDGERENTRIES.LIST>
              <LEDGERNAME>HDFC Bank</LEDGERNAME>
              <ISDEEMEDPOSITIVE>Yes</ISDEEMEDPOSITIVE>
              <AMOUNT>-15690.0</AMOUNT>
            </ALLLEDGERENTRIES.LIST>
          </VOUCHER>
        </TALLYMESSAGE>
        <TALLYMESSAGE xmlns:UDF="TallyUDF">
          <VOUCHER VCHTYPE="Payment" ACTION="Create">
            <DATE>20190110</DATE>
            <VOUCHERTYPENAME>Payment</VOUCHERTYPENAME>
            <NARRATION>FUND TRANSFER</NARRATION>
            <ALLLEDGERENTRIES.LIST>
              <LEDGERNAME>FUND TRANSFER</LEDGERNAME>
              <ISDEEMEDPOSITIVE>Yes</ISDEEMEDPOSITIVE>
              <AMOUNT>-15364.83</AMOUNT>
            </ALLLEDGERENTRIES.LIST>
            <ALLLEDGERENTRIES.LIST>
              <LEDGERNAME>HDFC Bank</LEDGERNAME>
              <ISDEEMEDPOSITIVE>No</ISDEEMEDPOSITIVE>
              <AMOUNT>15364.83</AMOUNT>
            </ALLLEDGERENTRIES.LIST>
          </VOUCHER>
        </TALLYMESSAGE>
        <TALLYMESSAGE xmlns:UDF="TallyUDF">
          <VOUCHER VCHTYPE="Receipt" ACTION="Create">
            <DATE>20190123</DATE>
            <VOUCHERTYPENAME>Receipt</VOUCHERTYPENAME>
            <NARRATION>SALARY ADVANCE</NARRATION>
            <ALLLEDGERENTRIES.LIST>
              <LEDGERNAME>SALARY ADVANCE</LEDGERNAME>
              <ISDEEMEDPOSITIVE>No</ISDEEMEDPOSITIVE>
              <AMOUNT>30000.0</AMOUNT>
            </ALLLEDGERENTRIES.LIST>
            <ALLLEDGERENTRIES.LIST>
              <LEDGERNAME>HDFC Bank</LEDGERNAME>
              <ISDEEMEDPOSITIVE>Yes</ISDEEMEDPOSITIVE>
              <AMOUNT>-30000.0</AMOUNT>
            </ALLLEDGERENTRIES.LIST>
          </VOUCHER>
        </TALLYMESSAGE>
        <TALLYMESSAGE xmlns:UDF="TallyUDF">
          <VOUCHER VCHTYPE="Payment" ACTION="Create">
            <DATE>20190123</DATE>
            <VOUCHERTYPENAME>Payment</VOUCHERTYPENAME>
            <NARRATION>ATM WITHDRAWAL NEWDELHI</NARRATION>
            <ALLLEDGERENTRIES.LIST>
              <LEDGERNAME>ATM WITHDRAWAL NEWDELHI</LEDGERNAME>
              <ISDEEMEDPOSITIVE>Yes</ISDEEMEDPOSITIVE>
              <AMOUNT>-1500.0</AMOUNT>
            </ALLLEDGERENTRIES.LIST>
            <ALLLEDGERENTRIES.LIST>
              <LEDGERNAME>HDFC Bank</LEDGERNAME>
              <ISDEEMEDPOSITIVE>No</ISDEEMEDPOSITIVE>
              <AMOUNT>1500.0</AMOUNT>
            </ALLLEDGERENTRIES.LIST>
          </VOUCHER>
        </TALLYMESSAGE>
        <TALLYMESSAGE xmlns:UDF="TallyUDF">
          <VOUCHER VCHTYPE="Payment" ACTION="Create">
            <DATE>20190125</DATE>
            <VOUCHERTYPENAME>Payment</VOUCHERTYPENAME>
            <NARRATION>BANK FEE ATMCASH 805</NARRATION>
            <ALLLEDGERENTRIES.LIST>
              <LEDGERNAME>BANK FEE ATMCASH 805</LEDGERNAME>
              <ISDEEMEDPOSITIVE>Yes</ISDEEMEDPOSITIVE>
              <AMOUNT>-23.6</AMOUNT>
            </ALLLEDGERENTRIES.LIST>
            <ALLLEDGERENTRIES.LIST>
              <LEDGERNAME>HDFC Bank</LEDGERNAME>
              <ISDEEMEDPOSITIVE>No</ISDEEMEDPOSITIVE>
              <AMOUNT>23.6</AMOUNT>
            </ALLLEDGERENTRIES.LIST>
          </VOUCHER>
        </TALLYMESSAGE>
        <TALLYMESSAGE xmlns:UDF="TallyUDF">
          <VOUCHER VCHTYPE="Payment" ACTION="Create">
            <DATE>20190126</DATE>
            <VOUCHERTYPENAME>Payment</VOUCHERTYPENAME>
            <NARRATION>ATM WITHDRAWAL WESTDELHI</NARRATION>
            <ALLLEDGERENTRIES.LIST>
              <LEDGERNAME>ATM WITHDRAWAL WESTDELHI</LEDGERNAME>
              <ISDEEMEDPOSITIVE>Yes</ISDEEMEDPOSITIVE>
              <AMOUNT>-20000.0</AMOUNT>
            </ALLLEDGERENTRIES.LIST>
            <ALLLEDGERENTRIES.LIST>
              <LEDGERNAME>HDFC Bank</LEDGERNAME>
              <ISDEEMEDPOSITIVE>No</ISDEEMEDPOSITIVE>
              <AMOUNT>20000.0</AMOUNT>
            </ALLLEDGERENTRIES.LIST>
          </VOUCHER>
        </TALLYMESSAGE>
        <TALLYMESSAGE xmlns:UDF="TallyUDF">
          <VOUCHER VCHTYPE="Payment" ACTION="Create">
            <DATE>20190126</DATE>
            <VOUCHERTYPENAME>Payment</VOUCHERTYPENAME>
            <NARRATION>ATM WITHDRAWAL WESTDELHI</NARRATION>
            <ALLLEDGERENTRIES.LIST>
              <LEDGERNAME>ATM WITHDRAWAL WESTDELHI</LEDGERNAME>
              <ISDEEMEDPOSITIVE>Yes</ISDEEMEDPOSITIVE>
              <AMOUNT>-500.0</AMOUNT>
            </ALLLEDGERENTRIES.LIST>
            <ALLLEDGERENTRIES.LIST>
              <LEDGERNAME>HDFC Bank</LEDGERNAME>
              <ISDEEMEDPOSITIVE>No</ISDEEMEDPOSITIVE>
              <AMOUNT>500.0</AMOUNT>
            </ALLLEDGERENTRIES.LIST>
          </VOUCHER>
        </TALLYMESSAGE>
        <TALLYMESSAGE xmlns:UDF="TallyUDF">
          <VOUCHER VCHTYPE="Payment" ACTION="Create">
            <DATE>20190129</DATE>
            <VOUCHERTYPENAME>Payment</VOUCHERTYPENAME>
            <NARRATION>UPI TRANSFER</NARRATION>
            <ALLLEDGERENTRIES.LIST>
              <LEDGERNAME>UPI TRANSFER</LEDGERNAME>
              <ISDEEMEDPOSITIVE>Yes</ISDEEMEDPOSITIVE>
              <AMOUNT>-5978.0</AMOUNT>
            </ALLLEDGERENTRIES.LIST>
            <ALLLEDGERENTRIES.LIST>
              <LEDGERNAME>HDFC Bank</LEDGERNAME>
              <ISDEEMEDPOSITIVE>No</ISDEEMEDPOSITIVE>
              <AMOUNT>5978.0</AMOUNT>
            </ALLLEDGERENTRIES.LIST>
          </VOUCHER>
        </TALLYMESSAGE>
        <TALLYMESSAGE xmlns:UDF="TallyUDF">
          <VOUCHER VCHTYPE="Payment" ACTION="Create">
            <DATE>20190130</DATE>
            <VOUCHERTYPENAME>Payment</VOUCHERTYPENAME>
            <NARRATION>IRCTC</NARRATION>
            <ALLLEDGERENTRIES.LIST>
              <LEDGERNAME>IRCTC</LEDGERNAME>
              <ISDEEMEDPOSITIVE>Yes</ISDEEMEDPOSITIVE>
              <AMOUNT>-830.98</AMOUNT>
            </ALLLEDGERENTRIES.LIST>
            <ALLLEDGERENTRIES.LIST>
              <LEDGERNAME>HDFC Bank</LEDGERNAME>
              <ISDEEMEDPOSITIVE>No</ISDEEMEDPOSITIVE>
              <AMOUNT>830.98</AMOUNT>
            </ALLLEDGERENTRIES.LIST>
          </VOUCHER>
        </TALLYMESSAGE>
        <TALLYMESSAGE xmlns:UDF="TallyUDF">
          <VOUCHER VCHTYPE="Payment" ACTION="Create">
            <DATE>20190202</DATE>
            <VOUCHERTYPENAME>Payment</VOUCHERTYPENAME>
            <NARRATION>ATM WITHDRAWAL DELHI</NARRATION>
            <ALLLEDGERENTRIES.LIST>
              <LEDGERNAME>ATM WITHDRAWAL DELHI</LEDGERNAME>
              <ISDEEMEDPOSITIVE>Yes</ISDEEMEDPOSITIVE>
              <AMOUNT>-500.0</AMOUNT>
            </ALLLEDGERENTRIES.LIST>
            <ALLLEDGERENTRIES.LIST>
              <LEDGERNAME>HDFC Bank</LEDGERNAME>
              <ISDEEMEDPOSITIVE>No</ISDEEMEDPOSITIVE>
              <AMOUNT>500.0</AMOUNT>
            </ALLLEDGERENTRIES.LIST>
          </VOUCHER>
        </TALLYMESSAGE>
        <TALLYMESSAGE xmlns:UDF="TallyUDF">
          <VOUCHER VCHTYPE="Receipt" ACTION="Create">
            <DATE>20190204</DATE>
            <VOUCHERTYPENAME>Receipt</VOUCHERTYPENAME>
            <NARRATION>KGNRAILWAX X4158 ON</NARRATION>
            <ALLLEDGERENTRIES.LIST>
              <LEDGERNAME>KGNRAILWAX X4158 ON</LEDGERNAME>
              <ISDEEMEDPOSITIVE>No</ISDEEMEDPOSITIVE>
              <AMOUNT>1.0</AMOUNT>
            </ALLLEDGERENTRIES.LIST>
            <ALLLEDGERENTRIES.LIST>
              <LEDGERNAME>HDFC Bank</LEDGERNAME>
              <ISDEEMEDPOSITIVE>Yes</ISDEEMEDPOSITIVE>
              <AMOUNT>-1.0</AMOUNT>
            </ALLLEDGERENTRIES.LIST>
          </VOUCHER>
        </TALLYMESSAGE>
        <TALLYMESSAGE xmlns:UDF="TallyUDF">
          <VOUCHER VCHTYPE="Receipt" ACTION="Create">
            <DATE>20190204</DATE>
            <VOUCHERTYPENAME>Receipt</VOUCHERTYPENAME>
            <NARRATION>KGNRAILWAX X4158</NARRATION>
            <ALLLEDGERENTRIES.LIST>
              <LEDGERNAME>KGNRAILWAX X4158</LEDGERNAME>
              <ISDEEMEDPOSITIVE>No</ISDEEMEDPOSITIVE>
              <AMOUNT>1800.0</AMOUNT>
            </ALLLEDGERENTRIES.LIST>
            <ALLLEDGERENTRIES.LIST>
              <LEDGERNAME>HDFC Bank</LEDGERNAME>
              <ISDEEMEDPOSITIVE>Yes</ISDEEMEDPOSITIVE>
              <AMOUNT>-1800.0</AMOUNT>
            </ALLLEDGERENTRIES.LIST>
          </VOUCHER>
        </TALLYMESSAGE>
        <TALLYMESSAGE xmlns:UDF="TallyUDF">
          <VOUCHER VCHTYPE="Payment" ACTION="Create">
            <DATE>20190204</DATE>
            <VOUCHERTYPENAME>Payment</VOUCHERTYPENAME>
            <NARRATION>ATM WITHDRAWAL DELHI</NARRATION>
            <ALLLEDGERENTRIES.LIST>
              <LEDGERNAME>ATM WITHDRAWAL DELHI</LEDGERNAME>
              <ISDEEMEDPOSITIVE>Yes</ISDEEMEDPOSITIVE>
              <AMOUNT>-700.0</AMOUNT>
            </ALLLEDGERENTRIES.LIST>
            <ALLLEDGERENTRIES.LIST>
              <LEDGERNAME>HDFC Bank</LEDGERNAME>
              <ISDEEMEDPOSITIVE>No</ISDEEMEDPOSITIVE>
              <AMOUNT>700.0</AMOUNT>
            </ALLLEDGERENTRIES.LIST>
          </VOUCHER>
        </TALLYMESSAGE>
        <TALLYMESSAGE xmlns:UDF="TallyUDF">
          <VOUCHER VCHTYPE="Receipt" ACTION="Create">
            <DATE>20190204</DATE>
            <VOUCHERTYPENAME>Receipt</VOUCHERTYPENAME>
            <NARRATION>KGNRAILWAX X4158</NARRATION>
            <ALLLEDGERENTRIES.LIST>
              <LEDGERNAME>KGNRAILWAX X4158</LEDGERNAME>
              <ISDEEMEDPOSITIVE>No</ISDEEMEDPOSITIVE>
              <AMOUNT>500.0</AMOUNT>
            </ALLLEDGERENTRIES.LIST>
            <ALLLEDGERENTRIES.LIST>
              <LEDGERNAME>HDFC Bank</LEDGERNAME>
              <ISDEEMEDPOSITIVE>Yes</ISDEEMEDPOSITIVE>
              <AMOUNT>-500.0</AMOUNT>
            </ALLLEDGERENTRIES.LIST>
          </VOUCHER>
        </TALLYMESSAGE>
        <TALLYMESSAGE xmlns:UDF="TallyUDF">
          <VOUCHER VCHTYPE="Payment" ACTION="Create">
            <DATE>20190205</DATE>
            <VOUCHERTYPENAME>Payment</VOUCHERTYPENAME>
            <NARRATION>CREDIT CARD AUTOPAY</NARRATION>
            <ALLLEDGERENTRIES.LIST>
              <LEDGERNAME>CREDIT CARD AUTOPAY</LEDGERNAME>
              <ISDEEMEDPOSITIVE>Yes</ISDEEMEDPOSITIVE>
              <AMOUNT>-2428.0</AMOUNT>
            </ALLLEDGERENTRIES.LIST>
            <ALLLEDGERENTRIES.LIST>
              <LEDGERNAME>HDFC Bank</LEDGERNAME>
              <ISDEEMEDPOSITIVE>No</ISDEEMEDPOSITIVE>
              <AMOUNT>2428.0</AMOUNT>
            </ALLLEDGERENTRIES.LIST>
          </VOUCHER>
        </TALLYMESSAGE>
        <TALLYMESSAGE xmlns:UDF="TallyUDF">
          <VOUCHER VCHTYPE="Receipt" ACTION="Create">
            <DATE>20190205</DATE>
            <VOUCHERTYPENAME>Receipt</VOUCHERTYPENAME>
            <NARRATION>CREDIT CARD AUTOPAY</NARRATION>
            <ALLLEDGERENTRIES.LIST>
              <LEDGERNAME>CREDIT CARD AUTOPAY</LEDGERNAME>
              <ISDEEMEDPOSITIVE>No</ISDEEMEDPOSITIVE>
              <AMOUNT>2428.0</AMOUNT>
            </ALLLEDGERENTRIES.LIST>
            <ALLLEDGERENTRIES.LIST>
              <LEDGERNAME>HDFC Bank</LEDGERNAME>
              <ISDEEMEDPOSITIVE>Yes</ISDEEMEDPOSITIVE>
              <AMOUNT>-2428.0</AMOUNT>
            </ALLLEDGERENTRIES.LIST>
          </VOUCHER>
        </TALLYMESSAGE>
        <TALLYMESSAGE xmlns:UDF="TallyUDF">
          <VOUCHER VCHTYPE="Payment" ACTION="Create">
            <DATE>20190205</DATE>
            <VOUCHERTYPENAME>Payment</VOUCHERTYPENAME>
            <NARRATION>CREDIT CARD AUTOPAY</NARRATION>
            <ALLLEDGERENTRIES.LIST>
              <LEDGERNAME>CREDIT CARD AUTOPAY</LEDGERNAME>
              <ISDEEMEDPOSITIVE>Yes</ISDEEMEDPOSITIVE>
              <AMOUNT>-1862.0</AMOUNT>
            </ALLLEDGERENTRIES.LIST>
            <ALLLEDGERENTRIES.LIST>
              <LEDGERNAME>HDFC Bank</LEDGERNAME>
              <ISDEEMEDPOSITIVE>No</ISDEEMEDPOSITIVE>
              <AMOUNT>1862.0</AMOUNT>
            </ALLLEDGERENTRIES.LIST>
          </VOUCHER>
        </TALLYMESSAGE>
        <TALLYMESSAGE xmlns:UDF="TallyUDF">
          <VOUCHER VCHTYPE="Payment" ACTION="Create">
            <DATE>20190207</DATE>
            <VOUCHERTYPENAME>Payment</VOUCHERTYPENAME>
            <NARRATION>CREDIT CARD AUTOPAY</NARRATION>
            <ALLLEDGERENTRIES.LIST>
              <LEDGERNAME>CREDIT CARD AUTOPAY</LEDGERNAME>
              <ISDEEMEDPOSITIVE>Yes</ISDEEMEDPOSITIVE>
              <AMOUNT>-2181.0</AMOUNT>
            </ALLLEDGERENTRIES.LIST>
            <ALLLEDGERENTRIES.LIST>
              <LEDGERNAME>HDFC Bank</LEDGERNAME>
              <ISDEEMEDPOSITIVE>No</ISDEEMEDPOSITIVE>
              <AMOUNT>2181.0</AMOUNT>
            </ALLLEDGERENTRIES.LIST>
          </VOUCHER>
        </TALLYMESSAGE>
        <TALLYMESSAGE xmlns:UDF="TallyUDF">
          <VOUCHER VCHTYPE="Receipt" ACTION="Create">
            <DATE>20190207</DATE>
            <VOUCHERTYPENAME>Receipt</VOUCHERTYPENAME>
            <NARRATION>CREDIT CARD AUTOPAY</NARRATION>
            <ALLLEDGERENTRIES.LIST>
              <LEDGERNAME>CREDIT CARD AUTOPAY</LEDGERNAME>
              <ISDEEMEDPOSITIVE>No</ISDEEMEDPOSITIVE>
              <AMOUNT>2181.0</AMOUNT>
            </ALLLEDGERENTRIES.LIST>
            <ALLLEDGERENTRIES.LIST>
              <LEDGERNAME>HDFC Bank</LEDGERNAME>
              <ISDEEMEDPOSITIVE>Yes</ISDEEMEDPOSITIVE>
              <AMOUNT>-2181.0</AMOUNT>
            </ALLLEDGERENTRIES.LIST>
          </VOUCHER>
        </TALLYMESSAGE>
        <TALLYMESSAGE xmlns:UDF="TallyUDF">
          <VOUCHER VCHTYPE="Payment" ACTION="Create">
            <DATE>20190216</DATE>
            <VOUCHERTYPENAME>Payment</VOUCHERTYPENAME>
            <NARRATION>UPI TRANSFER</NARRATION>
            <ALLLEDGERENTRIES.LIST>
              <LEDGERNAME>UPI TRANSFER</LEDGERNAME>
              <ISDEEMEDPOSITIVE>Yes</ISDEEMEDPOSITIVE>
              <AMOUNT>-10.0</AMOUNT>
            </ALLLEDGERENTRIES.LIST>
            <ALLLEDGERENTRIES.LIST>
              <LEDGERNAME>HDFC Bank</LEDGERNAME>
              <ISDEEMEDPOSITIVE>No</ISDEEMEDPOSITIVE>
              <AMOUNT>10.0</AMOUNT>
            </ALLLEDGERENTRIES.LIST>
          </VOUCHER>
        </TALLYMESSAGE>
        <TALLYMESSAGE xmlns:UDF="TallyUDF">
          <VOUCHER VCHTYPE="Receipt" ACTION="Create">
            <DATE>20190217</DATE>
            <VOUCHERTYPENAME>Receipt</VOUCHERTYPENAME>
            <NARRATION>ABDULALI</NARRATION>
            <ALLLEDGERENTRIES.LIST>
              <LEDGERNAME>ABDULALI</LEDGERNAME>
              <ISDEEMEDPOSITIVE>No</ISDEEMEDPOSITIVE>
              <AMOUNT>1.0</AMOUNT>
            </ALLLEDGERENTRIES.LIST>
            <ALLLEDGERENTRIES.LIST>
              <LEDGERNAME>HDFC Bank</LEDGERNAME>
              <ISDEEMEDPOSITIVE>Yes</ISDEEMEDPOSITIVE>
              <AMOUNT>-1.0</AMOUNT>
            </ALLLEDGERENTRIES.LIST>
          </VOUCHER>
        </TALLYMESSAGE>
        <TALLYMESSAGE xmlns:UDF="TallyUDF">
          <VOUCHER VCHTYPE="Receipt" ACTION="Create">
            <DATE>20190217</DATE>
            <VOUCHERTYPENAME>Receipt</VOUCHERTYPENAME>
            <NARRATION>ABDUL</NARRATION>
            <ALLLEDGERENTRIES.LIST>
              <LEDGERNAME>ABDUL</LEDGERNAME>
              <ISDEEMEDPOSITIVE>No</ISDEEMEDPOSITIVE>
              <AMOUNT>480.0</AMOUNT>
            </ALLLEDGERENTRIES.LIST>
            <ALLLEDGERENTRIES.LIST>
              <LEDGERNAME>HDFC Bank</LEDGERNAME>
              <ISDEEMEDPOSITIVE>Yes</ISDEEMEDPOSITIVE>
              <AMOUNT>-480.0</AMOUNT>
            </ALLLEDGERENTRIES.LIST>
          </VOUCHER>
        </TALLYMESSAGE>
        <TALLYMESSAGE xmlns:UDF="TallyUDF">
          <VOUCHER VCHTYPE="Payment" ACTION="Create">
            <DATE>20190218</DATE>
            <VOUCHERTYPENAME>Payment</VOUCHERTYPENAME>
            <NARRATION>ATM WITHDRAWAL DELHI</NARRATION>
            <ALLLEDGERENTRIES.LIST>
              <LEDGERNAME>ATM WITHDRAWAL DELHI</LEDGERNAME>
              <ISDEEMEDPOSITIVE>Yes</ISDEEMEDPOSITIVE>
              <AMOUNT>-600.0</AMOUNT>
            </ALLLEDGERENTRIES.LIST>
            <ALLLEDGERENTRIES.LIST>
              <LEDGERNAME>HDFC Bank</LEDGERNAME>
              <ISDEEMEDPOSITIVE>No</ISDEEMEDPOSITIVE>
              <AMOUNT>600.0</AMOUNT>
            </ALLLEDGERENTRIES.LIST>
          </VOUCHER>
        </TALLYMESSAGE>
        <TALLYMESSAGE xmlns:UDF="TallyUDF">
          <VOUCHER VCHTYPE="Receipt" ACTION="Create">
            <DATE>20190304</DATE>
            <VOUCHERTYPENAME>Receipt</VOUCHERTYPENAME>
            <NARRATION>UPI TRANSFER</NARRATION>
            <ALLLEDGERENTRIES.LIST>
              <LEDGERNAME>UPI TRANSFER</LEDGERNAME>
              <ISDEEMEDPOSITIVE>No</ISDEEMEDPOSITIVE>
              <AMOUNT>500.0</AMOUNT>
            </ALLLEDGERENTRIES.LIST>
            <ALLLEDGERENTRIES.LIST>
              <LEDGERNAME>HDFC Bank</LEDGERNAME>
              <ISDEEMEDPOSITIVE>Yes</ISDEEMEDPOSITIVE>
              <AMOUNT>-500.0</AMOUNT>
            </ALLLEDGERENTRIES.LIST>
          </VOUCHER>
        </TALLYMESSAGE>
        <TALLYMESSAGE xmlns:UDF="TallyUDF">
          <VOUCHER VCHTYPE="Payment" ACTION="Create">
            <DATE>20190304</DATE>
            <VOUCHERTYPENAME>Payment</VOUCHERTYPENAME>
            <NARRATION>UPI TRANSFER</NARRATION>
            <ALLLEDGERENTRIES.LIST>
              <LEDGERNAME>UPI TRANSFER</LEDGERNAME>
              <ISDEEMEDPOSITIVE>Yes</ISDEEMEDPOSITIVE>
              <AMOUNT>-500.0</AMOUNT>
            </ALLLEDGERENTRIES.LIST>
            <ALLLEDGERENTRIES.LIST>
              <LEDGERNAME>HDFC Bank</LEDGERNAME>
              <ISDEEMEDPOSITIVE>No</ISDEEMEDPOSITIVE>
              <AMOUNT>500.0</AMOUNT>
            </ALLLEDGERENTRIES.LIST>
          </VOUCHER>
        </TALLYMESSAGE>
        <TALLYMESSAGE xmlns:UDF="TallyUDF">
          <VOUCHER VCHTYPE="Payment" ACTION="Create">
            <DATE>20190305</DATE>
            <VOUCHERTYPENAME>Payment</VOUCHERTYPENAME>
            <NARRATION>CREDIT CARD AUTOPAY</NARRATION>
            <ALLLEDGERENTRIES.LIST>
              <LEDGERNAME>CREDIT CARD AUTOPAY</LEDGERNAME>
              <ISDEEMEDPOSITIVE>Yes</ISDEEMEDPOSITIVE>
              <AMOUNT>-2398.0</AMOUNT>
            </ALLLEDGERENTRIES.LIST>
            <ALLLEDGERENTRIES.LIST>
              <LEDGERNAME>HDFC Bank</LEDGERNAME>
              <ISDEEMEDPOSITIVE>No</ISDEEMEDPOSITIVE>
              <AMOUNT>2398.0</AMOUNT>
            </ALLLEDGERENTRIES.LIST>
          </VOUCHER>
        </TALLYMESSAGE>
        <TALLYMESSAGE xmlns:UDF="TallyUDF">
          <VOUCHER VCHTYPE="Receipt" ACTION="Create">
            <DATE>20190305</DATE>
            <VOUCHERTYPENAME>Receipt</VOUCHERTYPENAME>
            <NARRATION>CREDIT CARD AUTOPAY</NARRATION>
            <ALLLEDGERENTRIES.LIST>
              <LEDGERNAME>CREDIT CARD AUTOPAY</LEDGERNAME>
              <ISDEEMEDPOSITIVE>No</ISDEEMEDPOSITIVE>
              <AMOUNT>2398.0</AMOUNT>
            </ALLLEDGERENTRIES.LIST>
            <ALLLEDGERENTRIES.LIST>
              <LEDGERNAME>HDFC Bank</LEDGERNAME>
              <ISDEEMEDPOSITIVE>Yes</ISDEEMEDPOSITIVE>
              <AMOUNT>-2398.0</AMOUNT>
            </ALLLEDGERENTRIES.LIST>
          </VOUCHER>
        </TALLYMESSAGE>
        <TALLYMESSAGE xmlns:UDF="TallyUDF">
          <VOUCHER VCHTYPE="Payment" ACTION="Create">
            <DATE>20190306</DATE>
            <VOUCHERTYPENAME>Payment</VOUCHERTYPENAME>
            <NARRATION>CASH DEPOSIT 06 MAR 19</NARRATION>
            <ALLLEDGERENTRIES.LIST>
              <LEDGERNAME>CASH DEPOSIT 06 MAR 19</LEDGERNAME>
              <ISDEEMEDPOSITIVE>Yes</ISDEEMEDPOSITIVE>
              <AMOUNT>-595.96</AMOUNT>
            </ALLLEDGERENTRIES.LIST>
            <ALLLEDGERENTRIES.LIST>
              <LEDGERNAME>HDFC Bank</LEDGERNAME>
              <ISDEEMEDPOSITIVE>No</ISDEEMEDPOSITIVE>
              <AMOUNT>595.96</AMOUNT>
            </ALLLEDGERENTRIES.LIST>
          </VOUCHER>
        </TALLYMESSAGE>
        <TALLYMESSAGE xmlns:UDF="TallyUDF">
          <VOUCHER VCHTYPE="Payment" ACTION="Create">
            <DATE>20190310</DATE>
            <VOUCHERTYPENAME>Payment</VOUCHERTYPENAME>
            <NARRATION>CREDIT CARD AUTOPAY</NARRATION>
            <ALLLEDGERENTRIES.LIST>
              <LEDGERNAME>CREDIT CARD AUTOPAY</LEDGERNAME>
              <ISDEEMEDPOSITIVE>Yes</ISDEEMEDPOSITIVE>
              <AMOUNT>-2211.0</AMOUNT>
            </ALLLEDGERENTRIES.LIST>
            <ALLLEDGERENTRIES.LIST>
              <LEDGERNAME>HDFC Bank</LEDGERNAME>
              <ISDEEMEDPOSITIVE>No</ISDEEMEDPOSITIVE>
              <AMOUNT>2211.0</AMOUNT>
            </ALLLEDGERENTRIES.LIST>
          </VOUCHER>
        </TALLYMESSAGE>
        <TALLYMESSAGE xmlns:UDF="TallyUDF">
          <VOUCHER VCHTYPE="Receipt" ACTION="Create">
            <DATE>20190310</DATE>
            <VOUCHERTYPENAME>Receipt</VOUCHERTYPENAME>
            <NARRATION>CREDIT CARD AUTOPAY</NARRATION>
            <ALLLEDGERENTRIES.LIST>
              <LEDGERNAME>CREDIT CARD AUTOPAY</LEDGERNAME>
              <ISDEEMEDPOSITIVE>No</ISDEEMEDPOSITIVE>
              <AMOUNT>2211.0</AMOUNT>
            </ALLLEDGERENTRIES.LIST>
            <ALLLEDGERENTRIES.LIST>
              <LEDGERNAME>HDFC Bank</LEDGERNAME>
              <ISDEEMEDPOSITIVE>Yes</ISDEEMEDPOSITIVE>
              <AMOUNT>-2211.0</AMOUNT>
            </ALLLEDGERENTRIES.LIST>
          </VOUCHER>
        </TALLYMESSAGE>
        <TALLYMESSAGE xmlns:UDF="TallyUDF">
          <VOUCHER VCHTYPE="Receipt" ACTION="Create">
            <DATE>20190318</DATE>
            <VOUCHERTYPENAME>Receipt</VOUCHERTYPENAME>
            <NARRATION>MOHAMMADKAUSAR</NARRATION>
            <ALLLEDGERENTRIES.LIST>
              <LEDGERNAME>MOHAMMADKAUSAR</LEDGERNAME>
              <ISDEEMEDPOSITIVE>No</ISDEEMEDPOSITIVE>
              <AMOUNT>1000.0</AMOUNT>
            </ALLLEDGERENTRIES.LIST>
            <ALLLEDGERENTRIES.LIST>
              <LEDGERNAME>HDFC Bank</LEDGERNAME>
              <ISDEEMEDPOSITIVE>Yes</ISDEEMEDPOSITIVE>
              <AMOUNT>-1000.0</AMOUNT>
            </ALLLEDGERENTRIES.LIST>
          </VOUCHER>
        </TALLYMESSAGE>
        <TALLYMESSAGE xmlns:UDF="TallyUDF">
          <VOUCHER VCHTYPE="Payment" ACTION="Create">
            <DATE>20190318</DATE>
            <VOUCHERTYPENAME>Payment</VOUCHERTYPENAME>
            <NARRATION>CASH DEPOSIT 18 MAR 19</NARRATION>
            <ALLLEDGERENTRIES.LIST>
              <LEDGERNAME>CASH DEPOSIT 18 MAR 19</LEDGERNAME>
              <ISDEEMEDPOSITIVE>Yes</ISDEEMEDPOSITIVE>
              <AMOUNT>-499.58</AMOUNT>
            </ALLLEDGERENTRIES.LIST>
            <ALLLEDGERENTRIES.LIST>
              <LEDGERNAME>HDFC Bank</LEDGERNAME>
              <ISDEEMEDPOSITIVE>No</ISDEEMEDPOSITIVE>
              <AMOUNT>499.58</AMOUNT>
            </ALLLEDGERENTRIES.LIST>
          </VOUCHER>
        </TALLYMESSAGE>
        <TALLYMESSAGE xmlns:UDF="TallyUDF">
          <VOUCHER VCHTYPE="Payment" ACTION="Create">
            <DATE>20190322</DATE>
            <VOUCHERTYPENAME>Payment</VOUCHERTYPENAME>
            <NARRATION>ATM WITHDRAWAL EASTDELHI</NARRATION>
            <ALLLEDGERENTRIES.LIST>
              <LEDGERNAME>ATM WITHDRAWAL EASTDELHI</LEDGERNAME>
              <ISDEEMEDPOSITIVE>Yes</ISDEEMEDPOSITIVE>
              <AMOUNT>-500.0</AMOUNT>
            </ALLLEDGERENTRIES.LIST>
            <ALLLEDGERENTRIES.LIST>
              <LEDGERNAME>HDFC Bank</LEDGERNAME>
              <ISDEEMEDPOSITIVE>No</ISDEEMEDPOSITIVE>
              <AMOUNT>500.0</AMOUNT>
            </ALLLEDGERENTRIES.LIST>
          </VOUCHER>
        </TALLYMESSAGE>
        <TALLYMESSAGE xmlns:UDF="TallyUDF">
          <VOUCHER VCHTYPE="Receipt" ACTION="Create">
            <DATE>20190401</DATE>
            <VOUCHERTYPENAME>Receipt</VOUCHERTYPENAME>
            <NARRATION>CREDITINTERESTCAPITALISED</NARRATION>
            <ALLLEDGERENTRIES.LIST>
              <LEDGERNAME>CREDITINTERESTCAPITALISED</LEDGERNAME>
              <ISDEEMEDPOSITIVE>No</ISDEEMEDPOSITIVE>
              <AMOUNT>16.0</AMOUNT>
            </ALLLEDGERENTRIES.LIST>
            <ALLLEDGERENTRIES.LIST>
              <LEDGERNAME>HDFC Bank</LEDGERNAME>
              <ISDEEMEDPOSITIVE>Yes</ISDEEMEDPOSITIVE>
              <AMOUNT>-16.0</AMOUNT>
            </ALLLEDGERENTRIES.LIST>
          </VOUCHER>
        </TALLYMESSAGE>
      </REQUESTDATA>
    </IMPORTDATA>
  </BODY>
</ENVELOPE>
