<?xml version="1.0" ?>
<ENVELOPE>
  <HEADER>
    <TALLYREQUEST>Import Data</TALLYREQUEST>
  </HEADER>
  <BODY>
    <IMPORTDATA>
      <REQUESTDESC>
        <REPORTNAME>Vouchers</REPORTNAME>
        <STATICVARIABLES>
          <SVCURRENTCOMPANY>My Company</SVCURRENTCOMPANY>
        </STATICVARIABLES>
      </REQUESTDESC>
      <REQUESTDATA>
        <TALLYMESSAGE xmlns:UDF="TallyUDF">
          <VOUCHER VCHTYPE="Payment" ACTION="Create">
            <DATE>20180402</DATE>
            <VOUCHERTYPENAME>Payment</VOUCHERTYPENAME>
            <NARRATION>MASIHAUTOMOBILEPO</NARRATION>
            <ALLLEDGERENTRIES.LIST>
              <LEDGERNAME>MASIHAUTOMOBILEPO</LEDGERNAME>
              <ISDEEMEDPOSITIVE>Yes</ISDEEMEDPOSITIVE>
              <AMOUNT>-130.0</AMOUNT>
            </ALLLEDGERENTRIES.LIST>
            <ALLLEDGERENTRIES.LIST>
              <LEDGERNAME>HDFC Bank</LEDGERNAME>
              <ISDEEMEDPOSITIVE>No</ISDEEMEDPOSITIVE>
              <AMOUNT>130.0</AMOUNT>
            </ALLLEDGERENTRIES.LIST>
          </VOUCHER>
        </TALLYMESSAGE>
        <TALLYMESSAGE xmlns:UDF="TallyUDF">
          <VOUCHER VCHTYPE="Receipt" ACTION="Create">
            <DATE>20180404</DATE>
            <VOUCHERTYPENAME>Receipt</VOUCHERTYPENAME>
            <NARRATION>MASIHAUT</NARRATION>
            <ALLLEDGERENTRIES.LIST>
              <LEDGERNAME>MASIHAUT</LEDGERNAME>
              <ISDEEMEDPOSITIVE>No</ISDEEMEDPOSITIVE>
              <AMOUNT>0.98</AMOUNT>
            </ALLLEDGERENTRIES.LIST>
            <ALLLEDGERENTRIES.LIST>
              <LEDGERNAME>HDFC Bank</LEDGERNAME>
              <ISDEEMEDPOSITIVE>Yes</ISDEEMEDPOSITIVE>
              <AMOUNT>-0.98</AMOUNT>
            </ALLLEDGERENTRIES.LIST>
          </VOUCHER>
        </TALLYMESSAGE>
        <TALLYMESSAGE xmlns:UDF="TallyUDF">
          <VOUCHER VCHTYPE="Payment" ACTION="Create">
            <DATE>20180405</DATE>
            <VOUCHERTYPENAME>Payment</VOUCHERTYPENAME>
            <NARRATION>HPCENTREMOTINPO</NARRATION>
            <ALLLEDGERENTRIES.LIST>
              <LEDGERNAME>HPCENTREMOTINPO</LEDGERNAME>
              <ISDEEMEDPOSITIVE>Yes</ISDEEMEDPOSITIVE>
              <AMOUNT>-130.0</AMOUNT>
            </ALLLEDGERENTRIES.LIST>
            <ALLLEDGERENTRIES.LIST>
              <LEDGERNAME>HDFC Bank</LEDGERNAME>
              <ISDEEMEDPOSITIVE>No</ISDEEMEDPOSITIVE>
              <AMOUNT>130.0</AMOUNT>
            </ALLLEDGERENTRIES.LIST>
          </VOUCHER>
        </TALLYMESSAGE>
        <TALLYMESSAGE xmlns:UDF="TallyUDF">
          <VOUCHER VCHTYPE="Payment" ACTION="Create">
            <DATE>20180405</DATE>
            <VOUCHERTYPENAME>Payment</VOUCHERTYPENAME>
            <NARRATION>UKARHEALTHCARE PO</NARRATION>
            <ALLLEDGERENTRIES.LIST>
              <LEDGERNAME>UKARHEALTHCARE PO</LEDGERNAME>
              <ISDEEMEDPOSITIVE>Yes</ISDEEMEDPOSITIVE>
              <AMOUNT>-500.0</AMOUNT>
            </ALLLEDGERENTRIES.LIST>
            <ALLLEDGERENTRIES.LIST>
              <LEDGERNAME>HDFC Bank</LEDGERNAME>
              <ISDEEMEDPOSITIVE>No</ISDEEMEDPOSITIVE>
              <AMOUNT>500.0</AMOUNT>
            </ALLLEDGERENTRIES.LIST>
          </VOUCHER>
        </TALLYMESSAGE>
        <TALLYMESSAGE xmlns:UDF="TallyUDF">
          <VOUCHER VCHTYPE="Payment" ACTION="Create">
            <DATE>20180406</DATE>
            <VOUCHERTYPENAME>Payment</VOUCHERTYPENAME>
            <NARRATION>ATM WITHDRAWAL DELHI</NARRATION>
            <ALLLEDGERENTRIES.LIST>
              <LEDGERNAME>ATM WITHDRAWAL DELHI</LEDGERNAME>
              <ISDEEMEDPOSITIVE>Yes</ISDEEMEDPOSITIVE>
              <AMOUNT>-4500.0</AMOUNT>
            </ALLLEDGERENTRIES.LIST>
            <ALLLEDGERENTRIES.LIST>
              <LEDGERNAME>HDFC Bank</LEDGERNAME>
              <ISDEEMEDPOSITIVE>No</ISDEEMEDPOSITIVE>
              <AMOUNT>4500.0</AMOUNT>
            </ALLLEDGERENTRIES.LIST>
          </VOUCHER>
        </TALLYMESSAGE>
        <TALLYMESSAGE xmlns:UDF="TallyUDF">
          <VOUCHER VCHTYPE="Receipt" ACTION="Create">
            <DATE>20180406</DATE>
            <VOUCHERTYPENAME>Receipt</VOUCHERTYPENAME>
            <NARRATION>SALARY CREDIT</NARRATION>
            <ALLLEDGERENTRIES.LIST>
              <LEDGERNAME>SALARY CREDIT</LEDGERNAME>
              <ISDEEMEDPOSITIVE>No</ISDEEMEDPOSITIVE>
              <AMOUNT>13887.0</AMOUNT>
            </ALLLEDGERENTRIES.LIST>
            <ALLLEDGERENTRIES.LIST>
              <LEDGERNAME>HDFC Bank</LEDGERNAME>
              <ISDEEMEDPOSITIVE>Yes</ISDEEMEDPOSITIVE>
              <AMOUNT>-13887.0</AMOUNT>
            </ALLLEDGERENTRIES.LIST>
          </VOUCHER>
        </TALLYMESSAGE>
        <TALLYMESSAGE xmlns:UDF="TallyUDF">
          <VOUCHER VCHTYPE="Payment" ACTION="Create">
            <DATE>20180407</DATE>
            <VOUCHERTYPENAME>Payment</VOUCHERTYPENAME>
            <NARRATION>UKARHEALTHCARE PO</NARRATION>
            <ALLLEDGERENTRIES.LIST>
              <LEDGERNAME>UKARHEALTHCARE PO</LEDGERNAME>
              <ISDEEMEDPOSITIVE>Yes</ISDEEMEDPOSITIVE>
              <AMOUNT>-150.0</AMOUNT>
            </ALLLEDGERENTRIES.LIST>
            <ALLLEDGERENTRIES.LIST>
              <LEDGERNAME>HDFC Bank</LEDGERNAME>
              <ISDEEMEDPOSITIVE>No</ISDEEMEDPOSITIVE>
              <AMOUNT>150.0</AMOUNT>
            </ALLLEDGERENTRIES.LIST>
          </VOUCHER>
        </TALLYMESSAGE>
        <TALLYMESSAGE xmlns:UDF="TallyUDF">
          <VOUCHER VCHTYPE="Payment" ACTION="Create">
            <DATE>20180409</DATE>
            <VOUCHERTYPENAME>Payment</VOUCHERTYPENAME>
            <NARRATION>DEEPAKMOTORSPOSD</NARRATION>
            <ALLLEDGERENTRIES.LIST>
              <LEDGERNAME>DEEPAKMOTORSPOSD</LEDGERNAME>
              <ISDEEMEDPOSITIVE>Yes</ISDEEMEDPOSITIVE>
              <AMOUNT>-210.0</AMOUNT>
            </ALLLEDGERENTRIES.LIST>
            <ALLLEDGERENTRIES.LIST>
              <LEDGERNAME>HDFC Bank</LEDGERNAME>
              <ISDEEMEDPOSITIVE>No</ISDEEMEDPOSITIVE>
              <AMOUNT>210.0</AMOUNT>
            </ALLLEDGERENTRIES.LIST>
          </VOUCHER>
        </TALLYMESSAGE>
        <TALLYMESSAGE xmlns:UDF="TallyUDF">
          <VOUCHER VCHTYPE="Payment" ACTION="Create">
            <DATE>20180409</DATE>
            <VOUCHERTYPENAME>Payment</VOUCHERTYPENAME>
            <NARRATION>ATM WITHDRAWAL DELHI</NARRATION>
            <ALLLEDGERENTRIES.LIST>
              <LEDGERNAME>ATM WITHDRAWAL DELHI</LEDGERNAME>
              <ISDEEMEDPOSITIVE>Yes</ISDEEMEDPOSITIVE>
              <AMOUNT>-13500.0</AMOUNT>
            </ALLLEDGERENTRIES.LIST>
            <ALLLEDGERENTRIES.LIST>
              <LEDGERNAME>HDFC Bank</LEDGERNAME>
              <ISDEEMEDPOSITIVE>No</ISDEEMEDPOSITIVE>
              <AMOUNT>13500.0</AMOUNT>
            </ALLLEDGERENTRIES.LIST>
          </VOUCHER>
        </TALLYMESSAGE>
        <TALLYMESSAGE xmlns:UDF="TallyUDF">
          <VOUCHER VCHTYPE="Receipt" ACTION="Create">
            <DATE>20180409</DATE>
            <VOUCHERTYPENAME>Receipt</VOUCHERTYPENAME>
            <NARRATION>HPCL0 75%CASH</NARRATION>
            <ALLLEDGERENTRIES.LIST>
              <LEDGERNAME>HPCL0 75%CASH</LEDGERNAME>
              <ISDEEMEDPOSITIVE>No</ISDEEMEDPOSITIVE>
              <AMOUNT>0.98</AMOUNT>
            </ALLLEDGERENTRIES.LIST>
            <ALLLEDGERENTRIES.LIST>
              <LEDGERNAME>HDFC Bank</LEDGERNAME>
              <ISDEEMEDPOSITIVE>Yes</ISDEEMEDPOSITIVE>
              <AMOUNT>-0.98</AMOUNT>
            </ALLLEDGERENTRIES.LIST>
          </VOUCHER>
        </TALLYMESSAGE>
        <TALLYMESSAGE xmlns:UDF="TallyUDF">
          <VOUCHER VCHTYPE="Payment" ACTION="Create">
            <DATE>20180410</DATE>
            <VOUCHERTYPENAME>Payment</VOUCHERTYPENAME>
            <NARRATION>UKARHEALTHCARE PO</NARRATION>
            <ALLLEDGERENTRIES.LIST>
              <LEDGERNAME>UKARHEALTHCARE PO</LEDGERNAME>
              <ISDEEMEDPOSITIVE>Yes</ISDEEMEDPOSITIVE>
              <AMOUNT>-300.0</AMOUNT>
            </ALLLEDGERENTRIES.LIST>
            <ALLLEDGERENTRIES.LIST>
              <LEDGERNAME>HDFC Bank</LEDGERNAME>
              <ISDEEMEDPOSITIVE>No</ISDEEMEDPOSITIVE>
              <AMOUNT>300.0</AMOUNT>
            </ALLLEDGERENTRIES.LIST>
          </VOUCHER>
        </TALLYMESSAGE>
        <TALLYMESSAGE xmlns:UDF="TallyUDF">
          <VOUCHER VCHTYPE="Receipt" ACTION="Create">
            <DATE>20180507</DATE>
            <VOUCHERTYPENAME>Receipt</VOUCHERTYPENAME>
            <NARRATION>SALARY SIZWAN</NARRATION>
            <ALLLEDGERENTRIES.LIST>
              <LEDGERNAME>SALARY SIZWAN</LEDGERNAME>
              <ISDEEMEDPOSITIVE>No</ISDEEMEDPOSITIVE>
              <AMOUNT>13887.0</AMOUNT>
            </ALLLEDGERENTRIES.LIST>
            <ALLLEDGERENTRIES.LIST>
              <LEDGERNAME>HDFC Bank</LEDGERNAME>
              <ISDEEMEDPOSITIVE>Yes</ISDEEMEDPOSITIVE>
              <AMOUNT>-13887.0</AMOUNT>
            </ALLLEDGERENTRIES.LIST>
          </VOUCHER>
        </TALLYMESSAGE>
        <TALLYMESSAGE xmlns:UDF="TallyUDF">
          <VOUCHER VCHTYPE="Payment" ACTION="Create">
            <DATE>20180507</DATE>
            <VOUCHERTYPENAME>Payment</VOUCHERTYPENAME>
            <NARRATION>UKARHEALTHCARE PO</NARRATION>
            <ALLLEDGERENTRIES.LIST>
              <LEDGERNAME>UKARHEALTHCARE PO</LEDGERNAME>
              <ISDEEMEDPOSITIVE>Yes</ISDEEMEDPOSITIVE>
              <AMOUNT>-300.0</AMOUNT>
            </ALLLEDGERENTRIES.LIST>
            <ALLLEDGERENTRIES.LIST>
              <LEDGERNAME>HDFC Bank</LEDGERNAME>
              <ISDEEMEDPOSITIVE>No</ISDEEMEDPOSITIVE>
              <AMOUNT>300.0</AMOUNT>
            </ALLLEDGERENTRIES.LIST>
          </VOUCHER>
        </TALLYMESSAGE>
        <TALLYMESSAGE xmlns:UDF="TallyUDF">
          <VOUCHER VCHTYPE="Payment" ACTION="Create">
            <DATE>20180507</DATE>
            <VOUCHERTYPENAME>Payment</VOUCHERTYPENAME>
            <NARRATION>UKARHEALTHCARE PO</NARRATION>
            <ALLLEDGERENTRIES.LIST>
              <LEDGERNAME>UKARHEALTHCARE PO</LEDGERNAME>
              <ISDEEMEDPOSITIVE>Yes</ISDEEMEDPOSITIVE>
              <AMOUNT>-500.0</AMOUNT>
            </ALLLEDGERENTRIES.LIST>
            <ALLLEDGERENTRIES.LIST>
              <LEDGERNAME>HDFC Bank</LEDGERNAME>
              <ISDEEMEDPOSITIVE>No</ISDEEMEDPOSITIVE>
              <AMOUNT>500.0</AMOUNT>
            </ALLLEDGERENTRIES.LIST>
          </VOUCHER>
        </TALLYMESSAGE>
        <TALLYMESSAGE xmlns:UDF="TallyUDF">
          <VOUCHER VCHTYPE="Payment" ACTION="Create">
            <DATE>20180508</DATE>
            <VOUCHERTYPENAME>Payment</VOUCHERTYPENAME>
            <NARRATION>ATM WITHDRAWAL GHAZIABAD</NARRATION>
            <ALLLEDGERENTRIES.LIST>
              <LEDGERNAME>ATM WITHDRAWAL GHAZIABAD</LEDGERNAME>
              <ISDEEMEDPOSITIVE>Yes</ISDEEMEDPOSITIVE>
              <AMOUNT>-500.0</AMOUNT>
            </ALLLEDGERENTRIES.LIST>
            <ALLLEDGERENTRIES.LIST>
              <LEDGERNAME>HDFC Bank</LEDGERNAME>
              <ISDEEMEDPOSITIVE>No</ISDEEMEDPOSITIVE>
              <AMOUNT>500.0</AMOUNT>
            </ALLLEDGERENTRIES.LIST>
          </VOUCHER>
        </TALLYMESSAGE>
        <TALLYMESSAGE xmlns:UDF="TallyUDF">
          <VOUCHER VCHTYPE="Receipt" ACTION="Create">
            <DATE>20180509</DATE>
            <VOUCHERTYPENAME>Receipt</VOUCHERTYPENAME>
            <NARRATION>,AMAN</NARRATION>
            <ALLLEDGERENTRIES.LIST>
              <LEDGERNAME>,AMAN</LEDGERNAME>
              <ISDEEMEDPOSITIVE>No</ISDEEMEDPOSITIVE>
              <AMOUNT>50000.0</AMOUNT>
            </ALLLEDGERENTRIES.LIST>
            <ALLLEDGERENTRIES.LIST>
              <LEDGERNAME>HDFC Bank</LEDGERNAME>
              <ISDEEMEDPOSITIVE>Yes</ISDEEMEDPOSITIVE>
              <AMOUNT>-50000.0</AMOUNT>
            </ALLLEDGERENTRIES.LIST>
          </VOUCHER>
        </TALLYMESSAGE>
        <TALLYMESSAGE xmlns:UDF="TallyUDF">
          <VOUCHER VCHTYPE="Payment" ACTION="Create">
            <DATE>20180509</DATE>
            <VOUCHERTYPENAME>Payment</VOUCHERTYPENAME>
            <NARRATION>DFCBANK</NARRATION>
            <ALLLEDGERENTRIES.LIST>
              <LEDGERNAME>DFCBANK</LEDGERNAME>
              <ISDEEMEDPOSITIVE>Yes</ISDEEMEDPOSITIVE>
              <AMOUNT>-1.0</AMOUNT>
            </ALLLEDGERENTRIES.LIST>
            <ALLLEDGERENTRIES.LIST>
              <LEDGERNAME>HDFC Bank</LEDGERNAME>
              <ISDEEMEDPOSITIVE>No</ISDEEMEDPOSITIVE>
              <AMOUNT>1.0</AMOUNT>
            </ALLLEDGERENTRIES.LIST>
          </VOUCHER>
        </TALLYMESSAGE>
        <TALLYMESSAGE xmlns:UDF="TallyUDF">
          <VOUCHER VCHTYPE="Payment" ACTION="Create">
            <DATE>20180509</DATE>
            <VOUCHERTYPENAME>Payment</VOUCHERTYPENAME>
            <NARRATION>UKARHEALTHCARE PO</NARRATION>
            <ALLLEDGERENTRIES.LIST>
              <LEDGERNAME>UKARHEALTHCARE PO</LEDGERNAME>
              <ISDEEMEDPOSITIVE>Yes</ISDEEMEDPOSITIVE>
              <AMOUNT>-2000.0</AMOUNT>
            </ALLLEDGERENTRIES.LIST>
            <ALLLEDGERENTRIES.LIST>
              <LEDGERNAME>HDFC Bank</LEDGERNAME>
              <ISDEEMEDPOSITIVE>No</ISDEEMEDPOSITIVE>
              <AMOUNT>2000.0</AMOUNT>
            </ALLLEDGERENTRIES.LIST>
          </VOUCHER>
        </TALLYMESSAGE>
        <TALLYMESSAGE xmlns:UDF="TallyUDF">
          <VOUCHER VCHTYPE="Payment" ACTION="Create">
            <DATE>20180509</DATE>
            <VOUCHERTYPENAME>Payment</VOUCHERTYPENAME>
            <NARRATION>ATM WITHDRAWAL DELHI</NARRATION>
            <ALLLEDGERENTRIES.LIST>
              <LEDGERNAME>ATM WITHDRAWAL DELHI</LEDGERNAME>
              <ISDEEMEDPOSITIVE>Yes</ISDEEMEDPOSITIVE>
              <AMOUNT>-25000.0</AMOUNT>
            </ALLLEDGERENTRIES.LIST>
            <ALLLEDGERENTRIES.LIST>
              <LEDGERNAME>HDFC Bank</LEDGERNAME>
              <ISDEEMEDPOSITIVE>No</ISDEEMEDPOSITIVE>
              <AMOUNT>25000.0</AMOUNT>
            </ALLLEDGERENTRIES.LIST>
          </VOUCHER>
        </TALLYMESSAGE>
        <TALLYMESSAGE xmlns:UDF="TallyUDF">
          <VOUCHER VCHTYPE="Payment" ACTION="Create">
            <DATE>20180509</DATE>
            <VOUCHERTYPENAME>Payment</VOUCHERTYPENAME>
            <NARRATION>ATM WITHDRAWAL DELHI</NARRATION>
            <ALLLEDGERENTRIES.LIST>
              <LEDGERNAME>ATM WITHDRAWAL DELHI</LEDGERNAME>
              <ISDEEMEDPOSITIVE>Yes</ISDEEMEDPOSITIVE>
              <AMOUNT>-5000.0</AMOUNT>
            </ALLLEDGERENTRIES.LIST>
            <ALLLEDGERENTRIES.LIST>
              <LEDGERNAME>HDFC Bank</LEDGERNAME>
              <ISDEEMEDPOSITIVE>No</ISDEEMEDPOSITIVE>
              <AMOUNT>5000.0</AMOUNT>
            </ALLLEDGERENTRIES.LIST>
          </VOUCHER>
        </TALLYMESSAGE>
        <TALLYMESSAGE xmlns:UDF="TallyUDF">
          <VOUCHER VCHTYPE="Payment" ACTION="Create">
            <DATE>20180510</DATE>
            <VOUCHERTYPENAME>Payment</VOUCHERTYPENAME>
            <NARRATION>ATM WITHDRAWAL DELHI</NARRATION>
            <ALLLEDGERENTRIES.LIST>
              <LEDGERNAME>ATM WITHDRAWAL DELHI</LEDGERNAME>
              <ISDEEMEDPOSITIVE>Yes</ISDEEMEDPOSITIVE>
              <AMOUNT>-11000.0</AMOUNT>
            </ALLLEDGERENTRIES.LIST>
            <ALLLEDGERENTRIES.LIST>
              <LEDGERNAME>HDFC Bank</LEDGERNAME>
              <ISDEEMEDPOSITIVE>No</ISDEEMEDPOSITIVE>
              <AMOUNT>11000.0</AMOUNT>
            </ALLLEDGERENTRIES.LIST>
          </VOUCHER>
        </TALLYMESSAGE>
        <TALLYMESSAGE xmlns:UDF="TallyUDF">
          <VOUCHER VCHTYPE="Payment" ACTION="Create">
            <DATE>20180510</DATE>
            <VOUCHERTYPENAME>Payment</VOUCHERTYPENAME>
            <NARRATION>PAYTM</NARRATION>
            <ALLLEDGERENTRIES.LIST>
              <LEDGERNAME>PAYTM</LEDGERNAME>
              <ISDEEMEDPOSITIVE>Yes</ISDEEMEDPOSITIVE>
              <AMOUNT>-210.0</AMOUNT>
            </ALLLEDGERENTRIES.LIST>
            <ALLLEDGERENTRIES.LIST>
              <LEDGERNAME>HDFC Bank</LEDGERNAME>
              <ISDEEMEDPOSITIVE>No</ISDEEMEDPOSITIVE>
              <AMOUNT>210.0</AMOUNT>
            </ALLLEDGERENTRIES.LIST>
          </VOUCHER>
        </TALLYMESSAGE>
        <TALLYMESSAGE xmlns:UDF="TallyUDF">
          <VOUCHER VCHTYPE="Payment" ACTION="Create">
            <DATE>20180512</DATE>
            <VOUCHERTYPENAME>Payment</VOUCHERTYPENAME>
            <NARRATION>DEEPFUELCENTREPO</NARRATION>
            <ALLLEDGERENTRIES.LIST>
              <LEDGERNAME>DEEPFUELCENTREPO</LEDGERNAME>
              <ISDEEMEDPOSITIVE>Yes</ISDEEMEDPOSITIVE>
              <AMOUNT>-170.0</AMOUNT>
            </ALLLEDGERENTRIES.LIST>
            <ALLLEDGERENTRIES.LIST>
              <LEDGERNAME>HDFC Bank</LEDGERNAME>
              <ISDEEMEDPOSITIVE>No</ISDEEMEDPOSITIVE>
              <AMOUNT>170.0</AMOUNT>
            </ALLLEDGERENTRIES.LIST>
          </VOUCHER>
        </TALLYMESSAGE>
        <TALLYMESSAGE xmlns:UDF="TallyUDF">
          <VOUCHER VCHTYPE="Payment" ACTION="Create">
            <DATE>20180513</DATE>
            <VOUCHERTYPENAME>Payment</VOUCHERTYPENAME>
            <NARRATION>UKARHEALTHCARE PO</NARRATION>
            <ALLLEDGERENTRIES.LIST>
              <LEDGERNAME>UKARHEALTHCARE PO</LEDGERNAME>
              <ISDEEMEDPOSITIVE>Yes</ISDEEMEDPOSITIVE>
              <AMOUNT>-200.0</AMOUNT>
            </ALLLEDGERENTRIES.LIST>
            <ALLLEDGERENTRIES.LIST>
              <LEDGERNAME>HDFC Bank</LEDGERNAME>
              <ISDEEMEDPOSITIVE>No</ISDEEMEDPOSITIVE>
              <AMOUNT>200.0</AMOUNT>
            </ALLLEDGERENTRIES.LIST>
          </VOUCHER>
        </TALLYMESSAGE>
        <TALLYMESSAGE xmlns:UDF="TallyUDF">
          <VOUCHER VCHTYPE="Payment" ACTION="Create">
            <DATE>20180514</DATE>
            <VOUCHERTYPENAME>Payment</VOUCHERTYPENAME>
            <NARRATION>UKARHEALTHCARE PO</NARRATION>
            <ALLLEDGERENTRIES.LIST>
              <LEDGERNAME>UKARHEALTHCARE PO</LEDGERNAME>
              <ISDEEMEDPOSITIVE>Yes</ISDEEMEDPOSITIVE>
              <AMOUNT>-500.0</AMOUNT>
            </ALLLEDGERENTRIES.LIST>
            <ALLLEDGERENTRIES.LIST>
              <LEDGERNAME>HDFC Bank</LEDGERNAME>
              <ISDEEMEDPOSITIVE>No</ISDEEMEDPOSITIVE>
              <AMOUNT>500.0</AMOUNT>
            </ALLLEDGERENTRIES.LIST>
          </VOUCHER>
        </TALLYMESSAGE>
        <TALLYMESSAGE xmlns:UDF="TallyUDF">
          <VOUCHER VCHTYPE="Receipt" ACTION="Create">
            <DATE>20180515</DATE>
            <VOUCHERTYPENAME>Receipt</VOUCHERTYPENAME>
            <NARRATION>HPCL0 75%CASH</NARRATION>
            <ALLLEDGERENTRIES.LIST>
              <LEDGERNAME>HPCL0 75%CASH</LEDGERNAME>
              <ISDEEMEDPOSITIVE>No</ISDEEMEDPOSITIVE>
              <AMOUNT>1.28</AMOUNT>
            </ALLLEDGERENTRIES.LIST>
            <ALLLEDGERENTRIES.LIST>
              <LEDGERNAME>HDFC Bank</LEDGERNAME>
              <ISDEEMEDPOSITIVE>Yes</ISDEEMEDPOSITIVE>
              <AMOUNT>-1.28</AMOUNT>
            </ALLLEDGERENTRIES.LIST>
          </VOUCHER>
        </TALLYMESSAGE>
        <TALLYMESSAGE xmlns:UDF="TallyUDF">
          <VOUCHER VCHTYPE="Payment" ACTION="Create">
            <DATE>20180516</DATE>
            <VOUCHERTYPENAME>Payment</VOUCHERTYPENAME>
            <NARRATION>ATM WITHDRAWAL DELHI</NARRATION>
            <ALLLEDGERENTRIES.LIST>
              <LEDGERNAME>ATM WITHDRAWAL DELHI</LEDGERNAME>
              <ISDEEMEDPOSITIVE>Yes</ISDEEMEDPOSITIVE>
              <AMOUNT>-18000.0</AMOUNT>
            </ALLLEDGERENTRIES.LIST>
            <ALLLEDGERENTRIES.LIST>
              <LEDGERNAME>HDFC Bank</LEDGERNAME>
              <ISDEEMEDPOSITIVE>No</ISDEEMEDPOSITIVE>
              <AMOUNT>18000.0</AMOUNT>
            </ALLLEDGERENTRIES.LIST>
          </VOUCHER>
        </TALLYMESSAGE>
        <TALLYMESSAGE xmlns:UDF="TallyUDF">
          <VOUCHER VCHTYPE="Payment" ACTION="Create">
            <DATE>20180517</DATE>
            <VOUCHERTYPENAME>Payment</VOUCHERTYPENAME>
            <NARRATION>PAYTM</NARRATION>
            <ALLLEDGERENTRIES.LIST>
              <LEDGERNAME>PAYTM</LEDGERNAME>
              <ISDEEMEDPOSITIVE>Yes</ISDEEMEDPOSITIVE>
              <AMOUNT>-200.0</AMOUNT>
            </ALLLEDGERENTRIES.LIST>
            <ALLLEDGERENTRIES.LIST>
              <LEDGERNAME>HDFC Bank</LEDGERNAME>
              <ISDEEMEDPOSITIVE>No</ISDEEMEDPOSITIVE>
              <AMOUNT>200.0</AMOUNT>
            </ALLLEDGERENTRIES.LIST>
          </VOUCHER>
        </TALLYMESSAGE>
        <TALLYMESSAGE xmlns:UDF="TallyUDF">
          <VOUCHER VCHTYPE="Payment" ACTION="Create">
            <DATE>20180517</DATE>
            <VOUCHERTYPENAME>Payment</VOUCHERTYPENAME>
            <NARRATION>UKARHEALTHCARE PO</NARRATION>
            <ALLLEDGERENTRIES.LIST>
              <LEDGERNAME>UKARHEALTHCARE PO</LEDGERNAME>
              <ISDEEMEDPOSITIVE>Yes</ISDEEMEDPOSITIVE>
              <AMOUNT>-200.0</AMOUNT>
            </ALLLEDGERENTRIES.LIST>
            <ALLLEDGERENTRIES.LIST>
              <LEDGERNAME>HDFC Bank</LEDGERNAME>
              <ISDEEMEDPOSITIVE>No</ISDEEMEDPOSITIVE>
              <AMOUNT>200.0</AMOUNT>
            </ALLLEDGERENTRIES.LIST>
          </VOUCHER>
        </TALLYMESSAGE>
        <TALLYMESSAGE xmlns:UDF="TallyUDF">
          <VOUCHER VCHTYPE="Payment" ACTION="Create">
            <DATE>20180519</DATE>
            <VOUCHERTYPENAME>Payment</VOUCHERTYPENAME>
            <NARRATION>MASIHAUTOMOBILEPO</NARRATION>
            <ALLLEDGERENTRIES.LIST>
              <LEDGERNAME>MASIHAUTOMOBILEPO</LEDGERNAME>
              <ISDEEMEDPOSITIVE>Yes</ISDEEMEDPOSITIVE>
              <AMOUNT>-95.0</AMOUNT>
            </ALLLEDGERENTRIES.LIST>
            <ALLLEDGERENTRIES.LIST>
              <LEDGERNAME>HDFC Bank</LEDGERNAME>
              <ISDEEMEDPOSITIVE>No</ISDEEMEDPOSITIVE>
              <AMOUNT>95.0</AMOUNT>
            </ALLLEDGERENTRIES.LIST>
          </VOUCHER>
        </TALLYMESSAGE>
        <TALLYMESSAGE xmlns:UDF="TallyUDF">
          <VOUCHER VCHTYPE="Receipt" ACTION="Create">
            <DATE>20180521</DATE>
            <VOUCHERTYPENAME>Receipt</VOUCHERTYPENAME>
            <NARRATION>MASIHAUT</NARRATION>
            <ALLLEDGERENTRIES.LIST>
              <LEDGERNAME>MASIHAUT</LEDGERNAME>
              <ISDEEMEDPOSITIVE>No</ISDEEMEDPOSITIVE>
              <AMOUNT>0.71</AMOUNT>
            </ALLLEDGERENTRIES.LIST>
            <ALLLEDGERENTRIES.LIST>
              <LEDGERNAME>HDFC Bank</LEDGERNAME>
              <ISDEEMEDPOSITIVE>Yes</ISDEEMEDPOSITIVE>
              <AMOUNT>-0.71</AMOUNT>
            </ALLLEDGERENTRIES.LIST>
          </VOUCHER>
        </TALLYMESSAGE>
        <TALLYMESSAGE xmlns:UDF="TallyUDF">
          <VOUCHER VCHTYPE="Receipt" ACTION="Create">
            <DATE>20180604</DATE>
            <VOUCHERTYPENAME>Receipt</VOUCHERTYPENAME>
            <NARRATION>SALARY SIZWAN</NARRATION>
            <ALLLEDGERENTRIES.LIST>
              <LEDGERNAME>SALARY SIZWAN</LEDGERNAME>
              <ISDEEMEDPOSITIVE>No</ISDEEMEDPOSITIVE>
              <AMOUNT>18690.0</AMOUNT>
            </ALLLEDGERENTRIES.LIST>
            <ALLLEDGERENTRIES.LIST>
              <LEDGERNAME>HDFC Bank</LEDGERNAME>
              <ISDEEMEDPOSITIVE>Yes</ISDEEMEDPOSITIVE>
              <AMOUNT>-18690.0</AMOUNT>
            </ALLLEDGERENTRIES.LIST>
          </VOUCHER>
        </TALLYMESSAGE>
        <TALLYMESSAGE xmlns:UDF="TallyUDF">
          <VOUCHER VCHTYPE="Payment" ACTION="Create">
            <DATE>20180604</DATE>
            <VOUCHERTYPENAME>Payment</VOUCHERTYPENAME>
            <NARRATION>ATM WITHDRAWAL 00691225 DELHI</NARRATION>
            <ALLLEDGERENTRIES.LIST>
              <LEDGERNAME>ATM WITHDRAWAL 00691225 DELHI</LEDGERNAME>
              <ISDEEMEDPOSITIVE>Yes</ISDEEMEDPOSITIVE>
              <AMOUNT>-5500.0</AMOUNT>
            </ALLLEDGERENTRIES.LIST>
            <ALLLEDGERENTRIES.LIST>
              <LEDGERNAME>HDFC Bank</LEDGERNAME>
              <ISDEEMEDPOSITIVE>No</ISDEEMEDPOSITIVE>
              <AMOUNT>5500.0</AMOUNT>
            </ALLLEDGERENTRIES.LIST>
          </VOUCHER>
        </TALLYMESSAGE>
        <TALLYMESSAGE xmlns:UDF="TallyUDF">
          <VOUCHER VCHTYPE="Payment" ACTION="Create">
            <DATE>20180606</DATE>
            <VOUCHERTYPENAME>Payment</VOUCHERTYPENAME>
            <NARRATION>ATM WITHDRAWAL DELHI</NARRATION>
            <ALLLEDGERENTRIES.LIST>
              <LEDGERNAME>ATM WITHDRAWAL DELHI</LEDGERNAME>
              <ISDEEMEDPOSITIVE>Yes</ISDEEMEDPOSITIVE>
              <AMOUNT>-5500.0</AMOUNT>
            </ALLLEDGERENTRIES.LIST>
            <ALLLEDGERENTRIES.LIST>
              <LEDGERNAME>HDFC Bank</LEDGERNAME>
              <ISDEEMEDPOSITIVE>No</ISDEEMEDPOSITIVE>
              <AMOUNT>5500.0</AMOUNT>
            </ALLLEDGERENTRIES.LIST>
          </VOUCHER>
        </TALLYMESSAGE>
        <TALLYMESSAGE xmlns:UDF="TallyUDF">
          <VOUCHER VCHTYPE="Payment" ACTION="Create">
            <DATE>20180609</DATE>
            <VOUCHERTYPENAME>Payment</VOUCHERTYPENAME>
            <NARRATION>HPCENTREMOTINPO</NARRATION>
            <ALLLEDGERENTRIES.LIST>
              <LEDGERNAME>HPCENTREMOTINPO</LEDGERNAME>
              <ISDEEMEDPOSITIVE>Yes</ISDEEMEDPOSITIVE>
              <AMOUNT>-170.0</AMOUNT>
            </ALLLEDGERENTRIES.LIST>
            <ALLLEDGERENTRIES.LIST>
              <LEDGERNAME>HDFC Bank</LEDGERNAME>
              <ISDEEMEDPOSITIVE>No</ISDEEMEDPOSITIVE>
              <AMOUNT>170.0</AMOUNT>
            </ALLLEDGERENTRIES.LIST>
          </VOUCHER>
        </TALLYMESSAGE>
        <TALLYMESSAGE xmlns:UDF="TallyUDF">
          <VOUCHER VCHTYPE="Payment" ACTION="Create">
            <DATE>20180609</DATE>
            <VOUCHERTYPENAME>Payment</VOUCHERTYPENAME>
            <NARRATION>ATM WITHDRAWAL NEWDELHI</NARRATION>
            <ALLLEDGERENTRIES.LIST>
              <LEDGERNAME>ATM WITHDRAWAL NEWDELHI</LEDGERNAME>
              <ISDEEMEDPOSITIVE>Yes</ISDEEMEDPOSITIVE>
              <AMOUNT>-5000.0</AMOUNT>
            </ALLLEDGERENTRIES.LIST>
            <ALLLEDGERENTRIES.LIST>
              <LEDGERNAME>HDFC Bank</LEDGERNAME>
              <ISDEEMEDPOSITIVE>No</ISDEEMEDPOSITIVE>
              <AMOUNT>5000.0</AMOUNT>
            </ALLLEDGERENTRIES.LIST>
          </VOUCHER>
        </TALLYMESSAGE>
        <TALLYMESSAGE xmlns:UDF="TallyUDF">
          <VOUCHER VCHTYPE="Receipt" ACTION="Create">
            <DATE>20180612</DATE>
            <VOUCHERTYPENAME>Receipt</VOUCHERTYPENAME>
            <NARRATION>DISCOUNTONFUE</NARRATION>
            <ALLLEDGERENTRIES.LIST>
              <LEDGERNAME>DISCOUNTONFUE</LEDGERNAME>
              <ISDEEMEDPOSITIVE>No</ISDEEMEDPOSITIVE>
              <AMOUNT>1.58</AMOUNT>
            </ALLLEDGERENTRIES.LIST>
            <ALLLEDGERENTRIES.LIST>
              <LEDGERNAME>HDFC Bank</LEDGERNAME>
              <ISDEEMEDPOSITIVE>Yes</ISDEEMEDPOSITIVE>
              <AMOUNT>-1.58</AMOUNT>
            </ALLLEDGERENTRIES.LIST>
          </VOUCHER>
        </TALLYMESSAGE>
        <TALLYMESSAGE xmlns:UDF="TallyUDF">
          <VOUCHER VCHTYPE="Payment" ACTION="Create">
            <DATE>20180612</DATE>
            <VOUCHERTYPENAME>Payment</VOUCHERTYPENAME>
            <NARRATION>UKARHEALTHCARE PO</NARRATION>
            <ALLLEDGERENTRIES.LIST>
              <LEDGERNAME>UKARHEALTHCARE PO</LEDGERNAME>
              <ISDEEMEDPOSITIVE>Yes</ISDEEMEDPOSITIVE>
              <AMOUNT>-2000.0</AMOUNT>
            </ALLLEDGERENTRIES.LIST>
            <ALLLEDGERENTRIES.LIST>
              <LEDGERNAME>HDFC Bank</LEDGERNAME>
              <ISDEEMEDPOSITIVE>No</ISDEEMEDPOSITIVE>
              <AMOUNT>2000.0</AMOUNT>
            </ALLLEDGERENTRIES.LIST>
          </VOUCHER>
        </TALLYMESSAGE>
        <TALLYMESSAGE xmlns:UDF="TallyUDF">
          <VOUCHER VCHTYPE="Receipt" ACTION="Create">
            <DATE>20180612</DATE>
            <VOUCHERTYPENAME>Receipt</VOUCHERTYPENAME>
            <NARRATION>HPCL0 75%CASH</NARRATION>
            <ALLLEDGERENTRIES.LIST>
              <LEDGERNAME>HPCL0 75%CASH</LEDGERNAME>
              <ISDEEMEDPOSITIVE>No</ISDEEMEDPOSITIVE>
              <AMOUNT>1.28</AMOUNT>
            </ALLLEDGERENTRIES.LIST>
            <ALLLEDGERENTRIES.LIST>
              <LEDGERNAME>HDFC Bank</LEDGERNAME>
              <ISDEEMEDPOSITIVE>Yes</ISDEEMEDPOSITIVE>
              <AMOUNT>-1.28</AMOUNT>
            </ALLLEDGERENTRIES.LIST>
          </VOUCHER>
        </TALLYMESSAGE>
        <TALLYMESSAGE xmlns:UDF="TallyUDF">
          <VOUCHER VCHTYPE="Payment" ACTION="Create">
            <DATE>20180614</DATE>
            <VOUCHERTYPENAME>Payment</VOUCHERTYPENAME>
            <NARRATION>UKARHEALTHCARE PO</NARRATION>
            <ALLLEDGERENTRIES.LIST>
              <LEDGERNAME>UKARHEALTHCARE PO</LEDGERNAME>
              <ISDEEMEDPOSITIVE>Yes</ISDEEMEDPOSITIVE>
              <AMOUNT>-200.0</AMOUNT>
            </ALLLEDGERENTRIES.LIST>
            <ALLLEDGERENTRIES.LIST>
              <LEDGERNAME>HDFC Bank</LEDGERNAME>
              <ISDEEMEDPOSITIVE>No</ISDEEMEDPOSITIVE>
              <AMOUNT>200.0</AMOUNT>
            </ALLLEDGERENTRIES.LIST>
          </VOUCHER>
        </TALLYMESSAGE>
        <TALLYMESSAGE xmlns:UDF="TallyUDF">
          <VOUCHER VCHTYPE="Payment" ACTION="Create">
            <DATE>20180618</DATE>
            <VOUCHERTYPENAME>Payment</VOUCHERTYPENAME>
            <NARRATION>ATM WITHDRAWAL AJMER</NARRATION>
            <ALLLEDGERENTRIES.LIST>
              <LEDGERNAME>ATM WITHDRAWAL AJMER</LEDGERNAME>
              <ISDEEMEDPOSITIVE>Yes</ISDEEMEDPOSITIVE>
              <AMOUNT>-200.0</AMOUNT>
            </ALLLEDGERENTRIES.LIST>
            <ALLLEDGERENTRIES.LIST>
              <LEDGERNAME>HDFC Bank</LEDGERNAME>
              <ISDEEMEDPOSITIVE>No</ISDEEMEDPOSITIVE>
              <AMOUNT>200.0</AMOUNT>
            </ALLLEDGERENTRIES.LIST>
          </VOUCHER>
        </TALLYMESSAGE>
        <TALLYMESSAGE xmlns:UDF="TallyUDF">
          <VOUCHER VCHTYPE="Payment" ACTION="Create">
            <DATE>20180621</DATE>
            <VOUCHERTYPENAME>Payment</VOUCHERTYPENAME>
            <NARRATION>UKARHEALTHCARE PO</NARRATION>
            <ALLLEDGERENTRIES.LIST>
              <LEDGERNAME>UKARHEALTHCARE PO</LEDGERNAME>
              <ISDEEMEDPOSITIVE>Yes</ISDEEMEDPOSITIVE>
              <AMOUNT>-100.0</AMOUNT>
            </ALLLEDGERENTRIES.LIST>
            <ALLLEDGERENTRIES.LIST>
              <LEDGERNAME>HDFC Bank</LEDGERNAME>
              <ISDEEMEDPOSITIVE>No</ISDEEMEDPOSITIVE>
              <AMOUNT>100.0</AMOUNT>
            </ALLLEDGERENTRIES.LIST>
          </VOUCHER>
        </TALLYMESSAGE>
        <TALLYMESSAGE xmlns:UDF="TallyUDF">
          <VOUCHER VCHTYPE="Receipt" ACTION="Create">
            <DATE>20180701</DATE>
            <VOUCHERTYPENAME>Receipt</VOUCHERTYPENAME>
            <NARRATION>CREDITINTERESTCAPITALISED</NARRATION>
            <ALLLEDGERENTRIES.LIST>
              <LEDGERNAME>CREDITINTERESTCAPITALISED</LEDGERNAME>
              <ISDEEMEDPOSITIVE>No</ISDEEMEDPOSITIVE>
              <AMOUNT>29.0</AMOUNT>
            </ALLLEDGERENTRIES.LIST>
            <ALLLEDGERENTRIES.LIST>
              <LEDGERNAME>HDFC Bank</LEDGERNAME>
              <ISDEEMEDPOSITIVE>Yes</ISDEEMEDPOSITIVE>
              <AMOUNT>-29.0</AMOUNT>
            </ALLLEDGERENTRIES.LIST>
          </VOUCHER>
        </TALLYMESSAGE>
        <TALLYMESSAGE xmlns:UDF="TallyUDF">
          <VOUCHER VCHTYPE="Receipt" ACTION="Create">
            <DATE>20180704</DATE>
            <VOUCHERTYPENAME>Receipt</VOUCHERTYPENAME>
            <NARRATION>SALARY SIZWAN</NARRATION>
            <ALLLEDGERENTRIES.LIST>
              <LEDGERNAME>SALARY SIZWAN</LEDGERNAME>
              <ISDEEMEDPOSITIVE>No</ISDEEMEDPOSITIVE>
              <AMOUNT>16690.0</AMOUNT>
            </ALLLEDGERENTRIES.LIST>
            <ALLLEDGERENTRIES.LIST>
              <LEDGERNAME>HDFC Bank</LEDGERNAME>
              <ISDEEMEDPOSITIVE>Yes</ISDEEMEDPOSITIVE>
              <AMOUNT>-16690.0</AMOUNT>
            </ALLLEDGERENTRIES.LIST>
          </VOUCHER>
        </TALLYMESSAGE>
        <TALLYMESSAGE xmlns:UDF="TallyUDF">
          <VOUCHER VCHTYPE="Payment" ACTION="Create">
            <DATE>20180704</DATE>
            <VOUCHERTYPENAME>Payment</VOUCHERTYPENAME>
            <NARRATION>ATM WITHDRAWAL DELHI</NARRATION>
            <ALLLEDGERENTRIES.LIST>
              <LEDGERNAME>ATM WITHDRAWAL DELHI</LEDGERNAME>
              <ISDEEMEDPOSITIVE>Yes</ISDEEMEDPOSITIVE>
              <AMOUNT>-13000.0</AMOUNT>
            </ALLLEDGERENTRIES.LIST>
            <ALLLEDGERENTRIES.LIST>
              <LEDGERNAME>HDFC Bank</LEDGERNAME>
              <ISDEEMEDPOSITIVE>No</ISDEEMEDPOSITIVE>
              <AMOUNT>13000.0</AMOUNT>
            </ALLLEDGERENTRIES.LIST>
          </VOUCHER>
        </TALLYMESSAGE>
        <TALLYMESSAGE xmlns:UDF="TallyUDF">
          <VOUCHER VCHTYPE="Payment" ACTION="Create">
            <DATE>20180705</DATE>
            <VOUCHERTYPENAME>Payment</VOUCHERTYPENAME>
            <NARRATION>UKARHEALTHCARE PO</NARRATION>
            <ALLLEDGERENTRIES.LIST>
              <LEDGERNAME>UKARHEALTHCARE PO</LEDGERNAME>
              <ISDEEMEDPOSITIVE>Yes</ISDEEMEDPOSITIVE>
              <AMOUNT>-150.0</AMOUNT>
            </ALLLEDGERENTRIES.LIST>
            <ALLLEDGERENTRIES.LIST>
              <LEDGERNAME>HDFC Bank</LEDGERNAME>
              <ISDEEMEDPOSITIVE>No</ISDEEMEDPOSITIVE>
              <AMOUNT>150.0</AMOUNT>
            </ALLLEDGERENTRIES.LIST>
          </VOUCHER>
        </TALLYMESSAGE>
        <TALLYMESSAGE xmlns:UDF="TallyUDF">
          <VOUCHER VCHTYPE="Payment" ACTION="Create">
            <DATE>20180705</DATE>
            <VOUCHERTYPENAME>Payment</VOUCHERTYPENAME>
            <NARRATION>ATM WITHDRAWAL EASTDELHI</NARRATION>
            <ALLLEDGERENTRIES.LIST>
              <LEDGERNAME>ATM WITHDRAWAL EASTDELHI</LEDGERNAME>
              <ISDEEMEDPOSITIVE>Yes</ISDEEMEDPOSITIVE>
              <AMOUNT>-500.0</AMOUNT>
            </ALLLEDGERENTRIES.LIST>
            <ALLLEDGERENTRIES.LIST>
              <LEDGERNAME>HDFC Bank</LEDGERNAME>
              <ISDEEMEDPOSITIVE>No</ISDEEMEDPOSITIVE>
              <AMOUNT>500.0</AMOUNT>
            </ALLLEDGERENTRIES.LIST>
          </VOUCHER>
        </TALLYMESSAGE>
        <TALLYMESSAGE xmlns:UDF="TallyUDF">
          <VOUCHER VCHTYPE="Payment" ACTION="Create">
            <DATE>20180709</DATE>
            <VOUCHERTYPENAME>Payment</VOUCHERTYPENAME>
            <NARRATION>ATM WITHDRAWAL EASTDELHI</NARRATION>
            <ALLLEDGERENTRIES.LIST>
              <LEDGERNAME>ATM WITHDRAWAL EASTDELHI</LEDGERNAME>
              <ISDEEMEDPOSITIVE>Yes</ISDEEMEDPOSITIVE>
              <AMOUNT>-500.0</AMOUNT>
            </ALLLEDGERENTRIES.LIST>
            <ALLLEDGERENTRIES.LIST>
              <LEDGERNAME>HDFC Bank</LEDGERNAME>
              <ISDEEMEDPOSITIVE>No</ISDEEMEDPOSITIVE>
              <AMOUNT>500.0</AMOUNT>
            </ALLLEDGERENTRIES.LIST>
          </VOUCHER>
        </TALLYMESSAGE>
        <TALLYMESSAGE xmlns:UDF="TallyUDF">
          <VOUCHER VCHTYPE="Payment" ACTION="Create">
            <DATE>20180713</DATE>
            <VOUCHERTYPENAME>Payment</VOUCHERTYPENAME>
            <NARRATION>ATM WITHDRAWAL NEWDELHI</NARRATION>
            <ALLLEDGERENTRIES.LIST>
              <LEDGERNAME>ATM WITHDRAWAL NEWDELHI</LEDGERNAME>
              <ISDEEMEDPOSITIVE>Yes</ISDEEMEDPOSITIVE>
              <AMOUNT>-500.0</AMOUNT>
            </ALLLEDGERENTRIES.LIST>
            <ALLLEDGERENTRIES.LIST>
              <LEDGERNAME>HDFC Bank</LEDGERNAME>
              <ISDEEMEDPOSITIVE>No</ISDEEMEDPOSITIVE>
              <AMOUNT>500.0</AMOUNT>
            </ALLLEDGERENTRIES.LIST>
          </VOUCHER>
        </TALLYMESSAGE>
        <TALLYMESSAGE xmlns:UDF="TallyUDF">
          <VOUCHER VCHTYPE="Payment" ACTION="Create">
            <DATE>20180716</DATE>
            <VOUCHERTYPENAME>Payment</VOUCHERTYPENAME>
            <NARRATION>UKARHEALTHCARE PO</NARRATION>
            <ALLLEDGERENTRIES.LIST>
              <LEDGERNAME>UKARHEALTHCARE PO</LEDGERNAME>
              <ISDEEMEDPOSITIVE>Yes</ISDEEMEDPOSITIVE>
              <AMOUNT>-500.0</AMOUNT>
            </ALLLEDGERENTRIES.LIST>
            <ALLLEDGERENTRIES.LIST>
              <LEDGERNAME>HDFC Bank</LEDGERNAME>
              <ISDEEMEDPOSITIVE>No</ISDEEMEDPOSITIVE>
              <AMOUNT>500.0</AMOUNT>
            </ALLLEDGERENTRIES.LIST>
          </VOUCHER>
        </TALLYMESSAGE>
        <TALLYMESSAGE xmlns:UDF="TallyUDF">
          <VOUCHER VCHTYPE="Payment" ACTION="Create">
            <DATE>20180716</DATE>
            <VOUCHERTYPENAME>Payment</VOUCHERTYPENAME>
            <NARRATION>ATM WITHDRAWAL EASTDELHI</NARRATION>
            <ALLLEDGERENTRIES.LIST>
              <LEDGERNAME>ATM WITHDRAWAL EASTDELHI</LEDGERNAME>
              <ISDEEMEDPOSITIVE>Yes</ISDEEMEDPOSITIVE>
              <AMOUNT>-500.0</AMOUNT>
            </ALLLEDGERENTRIES.LIST>
            <ALLLEDGERENTRIES.LIST>
              <LEDGERNAME>HDFC Bank</LEDGERNAME>
              <ISDEEMEDPOSITIVE>No</ISDEEMEDPOSITIVE>
              <AMOUNT>500.0</AMOUNT>
            </ALLLEDGERENTRIES.LIST>
          </VOUCHER>
        </TALLYMESSAGE>
        <TALLYMESSAGE xmlns:UDF="TallyUDF">
          <VOUCHER VCHTYPE="Payment" ACTION="Create">
            <DATE>20180721</DATE>
            <VOUCHERTYPENAME>Payment</VOUCHERTYPENAME>
            <NARRATION>HPCENTREMOTINPO</NARRATION>
            <ALLLEDGERENTRIES.LIST>
              <LEDGERNAME>HPCENTREMOTINPO</LEDGERNAME>
              <ISDEEMEDPOSITIVE>Yes</ISDEEMEDPOSITIVE>
              <AMOUNT>-70.0</AMOUNT>
            </ALLLEDGERENTRIES.LIST>
            <ALLLEDGERENTRIES.LIST>
              <LEDGERNAME>HDFC Bank</LEDGERNAME>
              <ISDEEMEDPOSITIVE>No</ISDEEMEDPOSITIVE>
              <AMOUNT>70.0</AMOUNT>
            </ALLLEDGERENTRIES.LIST>
          </VOUCHER>
        </TALLYMESSAGE>
        <TALLYMESSAGE xmlns:UDF="TallyUDF">
          <VOUCHER VCHTYPE="Payment" ACTION="Create">
            <DATE>20180721</DATE>
            <VOUCHERTYPENAME>Payment</VOUCHERTYPENAME>
            <NARRATION>UKARHEALTHCARE PO</NARRATION>
            <ALLLEDGERENTRIES.LIST>
              <LEDGERNAME>UKARHEALTHCARE PO</LEDGERNAME>
              <ISDEEMEDPOSITIVE>Yes</ISDEEMEDPOSITIVE>
              <AMOUNT>-1000.0</AMOUNT>
            </ALLLEDGERENTRIES.LIST>
            <ALLLEDGERENTRIES.LIST>
              <LEDGERNAME>HDFC Bank</LEDGERNAME>
              <ISDEEMEDPOSITIVE>No</ISDEEMEDPOSITIVE>
              <AMOUNT>1000.0</AMOUNT>
            </ALLLEDGERENTRIES.LIST>
          </VOUCHER>
        </TALLYMESSAGE>
        <TALLYMESSAGE xmlns:UDF="TallyUDF">
          <VOUCHER VCHTYPE="Receipt" ACTION="Create">
            <DATE>20180724</DATE>
            <VOUCHERTYPENAME>Receipt</VOUCHERTYPENAME>
            <NARRATION>HPCL0 75%CASH</NARRATION>
            <ALLLEDGERENTRIES.LIST>
              <LEDGERNAME>HPCL0 75%CASH</LEDGERNAME>
              <ISDEEMEDPOSITIVE>No</ISDEEMEDPOSITIVE>
              <AMOUNT>0.52</AMOUNT>
            </ALLLEDGERENTRIES.LIST>
            <ALLLEDGERENTRIES.LIST>
              <LEDGERNAME>HDFC Bank</LEDGERNAME>
              <ISDEEMEDPOSITIVE>Yes</ISDEEMEDPOSITIVE>
              <AMOUNT>-0.52</AMOUNT>
            </ALLLEDGERENTRIES.LIST>
          </VOUCHER>
        </TALLYMESSAGE>
        <TALLYMESSAGE xmlns:UDF="TallyUDF">
          <VOUCHER VCHTYPE="Receipt" ACTION="Create">
            <DATE>20180807</DATE>
            <VOUCHERTYPENAME>Receipt</VOUCHERTYPENAME>
            <NARRATION>SALARY SIZWAN</NARRATION>
            <ALLLEDGERENTRIES.LIST>
              <LEDGERNAME>SALARY SIZWAN</LEDGERNAME>
              <ISDEEMEDPOSITIVE>No</ISDEEMEDPOSITIVE>
              <AMOUNT>16690.0</AMOUNT>
            </ALLLEDGERENTRIES.LIST>
            <ALLLEDGERENTRIES.LIST>
              <LEDGERNAME>HDFC Bank</LEDGERNAME>
              <ISDEEMEDPOSITIVE>Yes</ISDEEMEDPOSITIVE>
              <AMOUNT>-16690.0</AMOUNT>
            </ALLLEDGERENTRIES.LIST>
          </VOUCHER>
        </TALLYMESSAGE>
        <TALLYMESSAGE xmlns:UDF="TallyUDF">
          <VOUCHER VCHTYPE="Payment" ACTION="Create">
            <DATE>20180807</DATE>
            <VOUCHERTYPENAME>Payment</VOUCHERTYPENAME>
            <NARRATION>ATM WITHDRAWAL NEWDELHI</NARRATION>
            <ALLLEDGERENTRIES.LIST>
              <LEDGERNAME>ATM WITHDRAWAL NEWDELHI</LEDGERNAME>
              <ISDEEMEDPOSITIVE>Yes</ISDEEMEDPOSITIVE>
              <AMOUNT>-4500.0</AMOUNT>
            </ALLLEDGERENTRIES.LIST>
            <ALLLEDGERENTRIES.LIST>
              <LEDGERNAME>HDFC Bank</LEDGERNAME>
              <ISDEEMEDPOSITIVE>No</ISDEEMEDPOSITIVE>
              <AMOUNT>4500.0</AMOUNT>
            </ALLLEDGERENTRIES.LIST>
          </VOUCHER>
        </TALLYMESSAGE>
        <TALLYMESSAGE xmlns:UDF="TallyUDF">
          <VOUCHER VCHTYPE="Payment" ACTION="Create">
            <DATE>20180808</DATE>
            <VOUCHERTYPENAME>Payment</VOUCHERTYPENAME>
            <NARRATION>CREDIT CARD AUTOPAY</NARRATION>
            <ALLLEDGERENTRIES.LIST>
              <LEDGERNAME>CREDIT CARD AUTOPAY</LEDGERNAME>
              <ISDEEMEDPOSITIVE>Yes</ISDEEMEDPOSITIVE>
              <AMOUNT>-1187.0</AMOUNT>
            </ALLLEDGERENTRIES.LIST>
            <ALLLEDGERENTRIES.LIST>
              <LEDGERNAME>HDFC Bank</LEDGERNAME>
              <ISDEEMEDPOSITIVE>No</ISDEEMEDPOSITIVE>
              <AMOUNT>1187.0</AMOUNT>
            </ALLLEDGERENTRIES.LIST>
          </VOUCHER>
        </TALLYMESSAGE>
        <TALLYMESSAGE xmlns:UDF="TallyUDF">
          <VOUCHER VCHTYPE="Payment" ACTION="Create">
            <DATE>20180810</DATE>
            <VOUCHERTYPENAME>Payment</VOUCHERTYPENAME>
            <NARRATION>ATM WITHDRAWAL BULANDSHAH R</NARRATION>
            <ALLLEDGERENTRIES.LIST>
              <LEDGERNAME>ATM WITHDRAWAL BULANDSHAH R</LEDGERNAME>
              <ISDEEMEDPOSITIVE>Yes</ISDEEMEDPOSITIVE>
              <AMOUNT>-5000.0</AMOUNT>
            </ALLLEDGERENTRIES.LIST>
            <ALLLEDGERENTRIES.LIST>
              <LEDGERNAME>HDFC Bank</LEDGERNAME>
              <ISDEEMEDPOSITIVE>No</ISDEEMEDPOSITIVE>
              <AMOUNT>5000.0</AMOUNT>
            </ALLLEDGERENTRIES.LIST>
          </VOUCHER>
        </TALLYMESSAGE>
        <TALLYMESSAGE xmlns:UDF="TallyUDF">
          <VOUCHER VCHTYPE="Payment" ACTION="Create">
            <DATE>20180814</DATE>
            <VOUCHERTYPENAME>Payment</VOUCHERTYPENAME>
            <NARRATION>UKARHEALTHCARE PO</NARRATION>
            <ALLLEDGERENTRIES.LIST>
              <LEDGERNAME>UKARHEALTHCARE PO</LEDGERNAME>
              <ISDEEMEDPOSITIVE>Yes</ISDEEMEDPOSITIVE>
              <AMOUNT>-6045.0</AMOUNT>
            </ALLLEDGERENTRIES.LIST>
            <ALLLEDGERENTRIES.LIST>
              <LEDGERNAME>HDFC Bank</LEDGERNAME>
              <ISDEEMEDPOSITIVE>No</ISDEEMEDPOSITIVE>
              <AMOUNT>6045.0</AMOUNT>
            </ALLLEDGERENTRIES.LIST>
          </VOUCHER>
        </TALLYMESSAGE>
        <TALLYMESSAGE xmlns:UDF="TallyUDF">
          <VOUCHER VCHTYPE="Payment" ACTION="Create">
            <DATE>20180907</DATE>
            <VOUCHERTYPENAME>Payment</VOUCHERTYPENAME>
            <NARRATION>CREDIT CARD AUTOPAY</NARRATION>
            <ALLLEDGERENTRIES.LIST>
              <LEDGERNAME>CREDIT CARD AUTOPAY</LEDGERNAME>
              <ISDEEMEDPOSITIVE>Yes</ISDEEMEDPOSITIVE>
              <AMOUNT>-1666.0</AMOUNT>
            </ALLLEDGERENTRIES.LIST>
            <ALLLEDGERENTRIES.LIST>
              <LEDGERNAME>HDFC Bank</LEDGERNAME>
              <ISDEEMEDPOSITIVE>No</ISDEEMEDPOSITIVE>
              <AMOUNT>1666.0</AMOUNT>
            </ALLLEDGERENTRIES.LIST>
          </VOUCHER>
        </TALLYMESSAGE>
        <TALLYMESSAGE xmlns:UDF="TallyUDF">
          <VOUCHER VCHTYPE="Receipt" ACTION="Create">
            <DATE>20180907</DATE>
            <VOUCHERTYPENAME>Receipt</VOUCHERTYPENAME>
            <NARRATION>CREDIT CARD AUTOPAY</NARRATION>
            <ALLLEDGERENTRIES.LIST>
              <LEDGERNAME>CREDIT CARD AUTOPAY</LEDGERNAME>
              <ISDEEMEDPOSITIVE>No</ISDEEMEDPOSITIVE>
              <AMOUNT>1666.0</AMOUNT>
            </ALLLEDGERENTRIES.LIST>
            <ALLLEDGERENTRIES.LIST>
              <LEDGERNAME>HDFC Bank</LEDGERNAME>
              <ISDEEMEDPOSITIVE>Yes</ISDEEMEDPOSITIVE>
              <AMOUNT>-1666.0</AMOUNT>
            </ALLLEDGERENTRIES.LIST>
          </VOUCHER>
        </TALLYMESSAGE>
        <TALLYMESSAGE xmlns:UDF="TallyUDF">
          <VOUCHER VCHTYPE="Receipt" ACTION="Create">
            <DATE>20180907</DATE>
            <VOUCHERTYPENAME>Receipt</VOUCHERTYPENAME>
            <NARRATION>ARIF</NARRATION>
            <ALLLEDGERENTRIES.LIST>
              <LEDGERNAME>ARIF</LEDGERNAME>
              <ISDEEMEDPOSITIVE>No</ISDEEMEDPOSITIVE>
              <AMOUNT>1670.0</AMOUNT>
            </ALLLEDGERENTRIES.LIST>
            <ALLLEDGERENTRIES.LIST>
              <LEDGERNAME>HDFC Bank</LEDGERNAME>
              <ISDEEMEDPOSITIVE>Yes</ISDEEMEDPOSITIVE>
              <AMOUNT>-1670.0</AMOUNT>
            </ALLLEDGERENTRIES.LIST>
          </VOUCHER>
        </TALLYMESSAGE>
        <TALLYMESSAGE xmlns:UDF="TallyUDF">
          <VOUCHER VCHTYPE="Payment" ACTION="Create">
            <DATE>20180908</DATE>
            <VOUCHERTYPENAME>Payment</VOUCHERTYPENAME>
            <NARRATION>CREDIT CARD AUTOPAY</NARRATION>
            <ALLLEDGERENTRIES.LIST>
              <LEDGERNAME>CREDIT CARD AUTOPAY</LEDGERNAME>
              <ISDEEMEDPOSITIVE>Yes</ISDEEMEDPOSITIVE>
              <AMOUNT>-8841.0</AMOUNT>
            </ALLLEDGERENTRIES.LIST>
            <ALLLEDGERENTRIES.LIST>
              <LEDGERNAME>HDFC Bank</LEDGERNAME>
              <ISDEEMEDPOSITIVE>No</ISDEEMEDPOSITIVE>
              <AMOUNT>8841.0</AMOUNT>
            </ALLLEDGERENTRIES.LIST>
          </VOUCHER>
        </TALLYMESSAGE>
        <TALLYMESSAGE xmlns:UDF="TallyUDF">
          <VOUCHER VCHTYPE="Receipt" ACTION="Create">
            <DATE>20180908</DATE>
            <VOUCHERTYPENAME>Receipt</VOUCHERTYPENAME>
            <NARRATION>CREDIT CARD AUTOPAY</NARRATION>
            <ALLLEDGERENTRIES.LIST>
              <LEDGERNAME>CREDIT CARD AUTOPAY</LEDGERNAME>
              <ISDEEMEDPOSITIVE>No</ISDEEMEDPOSITIVE>
              <AMOUNT>8841.0</AMOUNT>
            </ALLLEDGERENTRIES.LIST>
            <ALLLEDGERENTRIES.LIST>
              <LEDGERNAME>HDFC Bank</LEDGERNAME>
              <ISDEEMEDPOSITIVE>Yes</ISDEEMEDPOSITIVE>
              <AMOUNT>-8841.0</AMOUNT>
            </ALLLEDGERENTRIES.LIST>
          </VOUCHER>
        </TALLYMESSAGE>
        <TALLYMESSAGE xmlns:UDF="TallyUDF">
          <VOUCHER VCHTYPE="Payment" ACTION="Create">
            <DATE>20180908</DATE>
            <VOUCHERTYPENAME>Payment</VOUCHERTYPENAME>
            <NARRATION>CREDIT CARD AUTOPAY</NARRATION>
            <ALLLEDGERENTRIES.LIST>
              <LEDGERNAME>CREDIT CARD AUTOPAY</LEDGERNAME>
              <ISDEEMEDPOSITIVE>Yes</ISDEEMEDPOSITIVE>
              <AMOUNT>-1387.0</AMOUNT>
            </ALLLEDGERENTRIES.LIST>
            <ALLLEDGERENTRIES.LIST>
              <LEDGERNAME>HDFC Bank</LEDGERNAME>
              <ISDEEMEDPOSITIVE>No</ISDEEMEDPOSITIVE>
              <AMOUNT>1387.0</AMOUNT>
            </ALLLEDGERENTRIES.LIST>
          </VOUCHER>
        </TALLYMESSAGE>
        <TALLYMESSAGE xmlns:UDF="TallyUDF">
          <VOUCHER VCHTYPE="Receipt" ACTION="Create">
            <DATE>20180910</DATE>
            <VOUCHERTYPENAME>Receipt</VOUCHERTYPENAME>
            <NARRATION>SALARY SIZWAN</NARRATION>
            <ALLLEDGERENTRIES.LIST>
              <LEDGERNAME>SALARY SIZWAN</LEDGERNAME>
              <ISDEEMEDPOSITIVE>No</ISDEEMEDPOSITIVE>
              <AMOUNT>11690.0</AMOUNT>
            </ALLLEDGERENTRIES.LIST>
            <ALLLEDGERENTRIES.LIST>
              <LEDGERNAME>HDFC Bank</LEDGERNAME>
              <ISDEEMEDPOSITIVE>Yes</ISDEEMEDPOSITIVE>
              <AMOUNT>-11690.0</AMOUNT>
            </ALLLEDGERENTRIES.LIST>
          </VOUCHER>
        </TALLYMESSAGE>
        <TALLYMESSAGE xmlns:UDF="TallyUDF">
          <VOUCHER VCHTYPE="Payment" ACTION="Create">
            <DATE>20180911</DATE>
            <VOUCHERTYPENAME>Payment</VOUCHERTYPENAME>
            <NARRATION>UKARHEALTHCARE PO</NARRATION>
            <ALLLEDGERENTRIES.LIST>
              <LEDGERNAME>UKARHEALTHCARE PO</LEDGERNAME>
              <ISDEEMEDPOSITIVE>Yes</ISDEEMEDPOSITIVE>
              <AMOUNT>-2500.0</AMOUNT>
            </ALLLEDGERENTRIES.LIST>
            <ALLLEDGERENTRIES.LIST>
              <LEDGERNAME>HDFC Bank</LEDGERNAME>
              <ISDEEMEDPOSITIVE>No</ISDEEMEDPOSITIVE>
              <AMOUNT>2500.0</AMOUNT>
            </ALLLEDGERENTRIES.LIST>
          </VOUCHER>
        </TALLYMESSAGE>
      </REQUESTDATA>
    </IMPORTDATA>
  </BODY>
</ENVELOPE>
