<?xml version="1.0" ?>
<ENVELOPE>
  <HEADER>
    <TALLYREQUEST>Import Data</TALLYREQUEST>
  </HEADER>
  <BODY>
    <IMPORTDATA>
      <REQUESTDESC>
        <REPORTNAME>Vouchers</REPORTNAME>
        <STATICVARIABLES>
          <SVCURRENTCOMPANY>My Company</SVCURRENTCOMPANY>
        </STATICVARIABLES>
      </REQUESTDESC>
      <REQUESTDATA>
        <TALLYMESSAGE xmlns:UDF="TallyUDF">
          <VOUCHER VCHTYPE="Payment" ACTION="Create">
            <DATE>20230403</DATE>
            <VOUCHERTYPENAME>Payment</VOUCHERTYPENAME>
            <NARRATION>NEFT HDFC0000234 TECHPARK ESTATES LLP OFFICE RENT APR 2023</NARRATION>
            <ALLLEDGERENTRIES.LIST>
              <LEDGERNAME>NEFT HDFC0000234 TECHPARK ESTATES LLP OFFICE RENT APR 2023</LEDGERNAME>
              <ISDEEMEDPOSITIVE>Yes</ISDEEMEDPOSITIVE>
              <AMOUNT>-185000.0</AMOUNT>
            </ALLLEDGERENTRIES.LIST>
            <ALLLEDGERENTRIES.LIST>
              <LEDGERNAME>HDFC Bank</LEDGERNAME>
              <ISDEEMEDPOSITIVE>No</ISDEEMEDPOSITIVE>
              <AMOUNT>185000.0</AMOUNT>
            </ALLLEDGERENTRIES.LIST>
          </VOUCHER>
        </TALLYMESSAGE>
        <TALLYMESSAGE xmlns:UDF="TallyUDF">
          <VOUCHER VCHTYPE="Payment" ACTION="Create">
            <DATE>20230405</DATE>
            <VOUCHERTYPENAME>Payment</VOUCHERTYPENAME>
            <NARRATION>RTGS ICIC0000567 CLOUDINFRA SERVICES AWS GCP VENDOR BILL APR</NARRATION>
            <ALLLEDGERENTRIES.LIST>
              <LEDGERNAME>RTGS ICIC0000567 CLOUDINFRA SERVICES AWS GCP VENDOR BILL APR</LEDGERNAME>
              <ISDEEMEDPOSITIVE>Yes</ISDEEMEDPOSITIVE>
              <AMOUNT>-320000.0</AMOUNT>
            </ALLLEDGERENTRIES.LIST>
            <ALLLEDGERENTRIES.LIST>
              <LEDGERNAME>HDFC Bank</LEDGERNAME>
              <ISDEEMEDPOSITIVE>No</ISDEEMEDPOSITIVE>
              <AMOUNT>320000.0</AMOUNT>
            </ALLLEDGERENTRIES.LIST>
          </VOUCHER>
        </TALLYMESSAGE>
        <TALLYMESSAGE xmlns:UDF="TallyUDF">
          <VOUCHER VCHTYPE="Payment" ACTION="Create">
            <DATE>20230407</DATE>
            <VOUCHERTYPENAME>Payment</VOUCHERTYPENAME>
            <NARRATION>BULK NEFT SALARY APR 2023 PRANAV MEHTA Rs 95K | SNEHA IYER Rs 88K ROHAN DESAI Rs 72K | ANANYA SINGH Rs 68 5K</NARRATION>
            <ALLLEDGERENTRIES.LIST>
              <LEDGERNAME>BULK NEFT SALARY APR 2023 PRANAV MEHTA Rs 95K | SNEHA IYER Rs 88K ROHAN DESAI Rs 72K | ANANYA SINGH Rs 68 5K</LEDGERNAME>
              <ISDEEMEDPOSITIVE>Yes</ISDEEMEDPOSITIVE>
              <AMOUNT>-323500.0</AMOUNT>
            </ALLLEDGERENTRIES.LIST>
            <ALLLEDGERENTRIES.LIST>
              <LEDGERNAME>HDFC Bank</LEDGERNAME>
              <ISDEEMEDPOSITIVE>No</ISDEEMEDPOSITIVE>
              <AMOUNT>323500.0</AMOUNT>
            </ALLLEDGERENTRIES.LIST>
          </VOUCHER>
        </TALLYMESSAGE>
        <TALLYMESSAGE xmlns:UDF="TallyUDF">
          <VOUCHER VCHTYPE="Receipt" ACTION="Create">
            <DATE>20230410</DATE>
            <VOUCHERTYPENAME>Receipt</VOUCHERTYPENAME>
            <NARRATION>RTGS HDFC0004365 NEXGEN SOFTWARE LLP CLIENT PROJECT ADVANCE RECD</NARRATION>
            <ALLLEDGERENTRIES.LIST>
              <LEDGERNAME>RTGS HDFC0004365 NEXGEN SOFTWARE LLP CLIENT PROJECT ADVANCE RECD</LEDGERNAME>
              <ISDEEMEDPOSITIVE>No</ISDEEMEDPOSITIVE>
              <AMOUNT>1250000.0</AMOUNT>
            </ALLLEDGERENTRIES.LIST>
            <ALLLEDGERENTRIES.LIST>
              <LEDGERNAME>HDFC Bank</LEDGERNAME>
              <ISDEEMEDPOSITIVE>Yes</ISDEEMEDPOSITIVE>
              <AMOUNT>-1250000.0</AMOUNT>
            </ALLLEDGERENTRIES.LIST>
          </VOUCHER>
        </TALLYMESSAGE>
        <TALLYMESSAGE xmlns:UDF="TallyUDF">
          <VOUCHER VCHTYPE="Payment" ACTION="Create">
            <DATE>20230412</DATE>
            <VOUCHERTYPENAME>Payment</VOUCHERTYPENAME>
            <NARRATION>NEFT ICIC0009876 DIGITAL SPARK MEDIA MARKETING CAMPAIGN APR Q1</NARRATION>
            <ALLLEDGERENTRIES.LIST>
              <LEDGERNAME>NEFT ICIC0009876 DIGITAL SPARK MEDIA MARKETING CAMPAIGN APR Q1</LEDGERNAME>
              <ISDEEMEDPOSITIVE>Yes</ISDEEMEDPOSITIVE>
              <AMOUNT>-45000.0</AMOUNT>
            </ALLLEDGERENTRIES.LIST>
            <ALLLEDGERENTRIES.LIST>
              <LEDGERNAME>HDFC Bank</LEDGERNAME>
              <ISDEEMEDPOSITIVE>No</ISDEEMEDPOSITIVE>
              <AMOUNT>45000.0</AMOUNT>
            </ALLLEDGERENTRIES.LIST>
          </VOUCHER>
        </TALLYMESSAGE>
        <TALLYMESSAGE xmlns:UDF="TallyUDF">
          <VOUCHER VCHTYPE="Payment" ACTION="Create">
            <DATE>20230414</DATE>
            <VOUCHERTYPENAME>Payment</VOUCHERTYPENAME>
            <NARRATION>MAKEMYTRIP BIZ FLIGHT BLR HYD TEAM OFFSITE</NARRATION>
            <ALLLEDGERENTRIES.LIST>
              <LEDGERNAME>MAKEMYTRIP BIZ FLIGHT BLR HYD TEAM OFFSITE</LEDGERNAME>
              <ISDEEMEDPOSITIVE>Yes</ISDEEMEDPOSITIVE>
              <AMOUNT>-28600.0</AMOUNT>
            </ALLLEDGERENTRIES.LIST>
            <ALLLEDGERENTRIES.LIST>
              <LEDGERNAME>HDFC Bank</LEDGERNAME>
              <ISDEEMEDPOSITIVE>No</ISDEEMEDPOSITIVE>
              <AMOUNT>28600.0</AMOUNT>
            </ALLLEDGERENTRIES.LIST>
          </VOUCHER>
        </TALLYMESSAGE>
        <TALLYMESSAGE xmlns:UDF="TallyUDF">
          <VOUCHER VCHTYPE="Payment" ACTION="Create">
            <DATE>20230417</DATE>
            <VOUCHERTYPENAME>Payment</VOUCHERTYPENAME>
            <NARRATION>NEFT HDFC0005678 SOFTLICENCE HUB MICROSOFT 365 ANNUAL RENEWAL</NARRATION>
            <ALLLEDGERENTRIES.LIST>
              <LEDGERNAME>NEFT HDFC0005678 SOFTLICENCE HUB MICROSOFT 365 ANNUAL RENEWAL</LEDGERNAME>
              <ISDEEMEDPOSITIVE>Yes</ISDEEMEDPOSITIVE>
              <AMOUNT>-110000.0</AMOUNT>
            </ALLLEDGERENTRIES.LIST>
            <ALLLEDGERENTRIES.LIST>
              <LEDGERNAME>HDFC Bank</LEDGERNAME>
              <ISDEEMEDPOSITIVE>No</ISDEEMEDPOSITIVE>
              <AMOUNT>110000.0</AMOUNT>
            </ALLLEDGERENTRIES.LIST>
          </VOUCHER>
        </TALLYMESSAGE>
        <TALLYMESSAGE xmlns:UDF="TallyUDF">
          <VOUCHER VCHTYPE="Payment" ACTION="Create">
            <DATE>20230420</DATE>
            <VOUCHERTYPENAME>Payment</VOUCHERTYPENAME>
            <NARRATION>NEFT SBIN0007654 GST PAYMENT APR 23 GSTN: 27AABCA1234B1Z5</NARRATION>
            <ALLLEDGERENTRIES.LIST>
              <LEDGERNAME>NEFT SBIN0007654 GST PAYMENT APR 23 GSTN: 27AABCA1234B1Z5</LEDGERNAME>
              <ISDEEMEDPOSITIVE>Yes</ISDEEMEDPOSITIVE>
              <AMOUNT>-78500.0</AMOUNT>
            </ALLLEDGERENTRIES.LIST>
            <ALLLEDGERENTRIES.LIST>
              <LEDGERNAME>HDFC Bank</LEDGERNAME>
              <ISDEEMEDPOSITIVE>No</ISDEEMEDPOSITIVE>
              <AMOUNT>78500.0</AMOUNT>
            </ALLLEDGERENTRIES.LIST>
          </VOUCHER>
        </TALLYMESSAGE>
        <TALLYMESSAGE xmlns:UDF="TallyUDF">
          <VOUCHER VCHTYPE="Payment" ACTION="Create">
            <DATE>20230422</DATE>
            <VOUCHERTYPENAME>Payment</VOUCHERTYPENAME>
            <NARRATION>RTGS HDFC0008901 INFOSEC SOLUTIONS CYBER SECURITY AUDIT FEES</NARRATION>
            <ALLLEDGERENTRIES.LIST>
              <LEDGERNAME>RTGS HDFC0008901 INFOSEC SOLUTIONS CYBER SECURITY AUDIT FEES</LEDGERNAME>
              <ISDEEMEDPOSITIVE>Yes</ISDEEMEDPOSITIVE>
              <AMOUNT>-75000.0</AMOUNT>
            </ALLLEDGERENTRIES.LIST>
            <ALLLEDGERENTRIES.LIST>
              <LEDGERNAME>HDFC Bank</LEDGERNAME>
              <ISDEEMEDPOSITIVE>No</ISDEEMEDPOSITIVE>
              <AMOUNT>75000.0</AMOUNT>
            </ALLLEDGERENTRIES.LIST>
          </VOUCHER>
        </TALLYMESSAGE>
        <TALLYMESSAGE xmlns:UDF="TallyUDF">
          <VOUCHER VCHTYPE="Payment" ACTION="Create">
            <DATE>20230425</DATE>
            <VOUCHERTYPENAME>Payment</VOUCHERTYPENAME>
            <NARRATION>CREDIT CARD AUTOPAY TAD CORPORATE CARD STMT APR</NARRATION>
            <ALLLEDGERENTRIES.LIST>
              <LEDGERNAME>CREDIT CARD AUTOPAY TAD CORPORATE CARD STMT APR</LEDGERNAME>
              <ISDEEMEDPOSITIVE>Yes</ISDEEMEDPOSITIVE>
              <AMOUNT>-38200.0</AMOUNT>
            </ALLLEDGERENTRIES.LIST>
            <ALLLEDGERENTRIES.LIST>
              <LEDGERNAME>HDFC Bank</LEDGERNAME>
              <ISDEEMEDPOSITIVE>No</ISDEEMEDPOSITIVE>
              <AMOUNT>38200.0</AMOUNT>
            </ALLLEDGERENTRIES.LIST>
          </VOUCHER>
        </TALLYMESSAGE>
        <TALLYMESSAGE xmlns:UDF="TallyUDF">
          <VOUCHER VCHTYPE="Payment" ACTION="Create">
            <DATE>20230428</DATE>
            <VOUCHERTYPENAME>Payment</VOUCHERTYPENAME>
            <NARRATION>NEFT AXIS0004567 FINTAX ADVISORY PROFESSIONAL FEES Q1 FY24</NARRATION>
            <ALLLEDGERENTRIES.LIST>
              <LEDGERNAME>NEFT AXIS0004567 FINTAX ADVISORY PROFESSIONAL FEES Q1 FY24</LEDGERNAME>
              <ISDEEMEDPOSITIVE>Yes</ISDEEMEDPOSITIVE>
              <AMOUNT>-55000.0</AMOUNT>
            </ALLLEDGERENTRIES.LIST>
            <ALLLEDGERENTRIES.LIST>
              <LEDGERNAME>HDFC Bank</LEDGERNAME>
              <ISDEEMEDPOSITIVE>No</ISDEEMEDPOSITIVE>
              <AMOUNT>55000.0</AMOUNT>
            </ALLLEDGERENTRIES.LIST>
          </VOUCHER>
        </TALLYMESSAGE>
        <TALLYMESSAGE xmlns:UDF="TallyUDF">
          <VOUCHER VCHTYPE="Receipt" ACTION="Create">
            <DATE>20230430</DATE>
            <VOUCHERTYPENAME>Receipt</VOUCHERTYPENAME>
            <NARRATION>CREDIT INTEREST CAPITALISED</NARRATION>
            <ALLLEDGERENTRIES.LIST>
              <LEDGERNAME>CREDIT INTEREST CAPITALISED</LEDGERNAME>
              <ISDEEMEDPOSITIVE>No</ISDEEMEDPOSITIVE>
              <AMOUNT>2840.0</AMOUNT>
            </ALLLEDGERENTRIES.LIST>
            <ALLLEDGERENTRIES.LIST>
              <LEDGERNAME>HDFC Bank</LEDGERNAME>
              <ISDEEMEDPOSITIVE>Yes</ISDEEMEDPOSITIVE>
              <AMOUNT>-2840.0</AMOUNT>
            </ALLLEDGERENTRIES.LIST>
          </VOUCHER>
        </TALLYMESSAGE>
        <TALLYMESSAGE xmlns:UDF="TallyUDF">
          <VOUCHER VCHTYPE="Payment" ACTION="Create">
            <DATE>20230503</DATE>
            <VOUCHERTYPENAME>Payment</VOUCHERTYPENAME>
            <NARRATION>NEFT HDFC0000234 TECHPARK ESTATES LLP OFFICE RENT MAY 2023 LIMITED</NARRATION>
            <ALLLEDGERENTRIES.LIST>
              <LEDGERNAME>NEFT HDFC0000234 TECHPARK ESTATES LLP OFFICE RENT MAY 2023 LIMITED</LEDGERNAME>
              <ISDEEMEDPOSITIVE>Yes</ISDEEMEDPOSITIVE>
              <AMOUNT>-185000.0</AMOUNT>
            </ALLLEDGERENTRIES.LIST>
            <ALLLEDGERENTRIES.LIST>
              <LEDGERNAME>HDFC Bank</LEDGERNAME>
              <ISDEEMEDPOSITIVE>No</ISDEEMEDPOSITIVE>
              <AMOUNT>185000.0</AMOUNT>
            </ALLLEDGERENTRIES.LIST>
          </VOUCHER>
        </TALLYMESSAGE>
        <TALLYMESSAGE xmlns:UDF="TallyUDF">
          <VOUCHER VCHTYPE="Payment" ACTION="Create">
            <DATE>20230505</DATE>
            <VOUCHERTYPENAME>Payment</VOUCHERTYPENAME>
            <NARRATION>RTGS ICIC0000567 CLOUDINFRA SERVICES AWS USAGE BILL APR CYCLE</NARRATION>
            <ALLLEDGERENTRIES.LIST>
              <LEDGERNAME>RTGS ICIC0000567 CLOUDINFRA SERVICES AWS USAGE BILL APR CYCLE</LEDGERNAME>
              <ISDEEMEDPOSITIVE>Yes</ISDEEMEDPOSITIVE>
              <AMOUNT>-287400.0</AMOUNT>
            </ALLLEDGERENTRIES.LIST>
            <ALLLEDGERENTRIES.LIST>
              <LEDGERNAME>HDFC Bank</LEDGERNAME>
              <ISDEEMEDPOSITIVE>No</ISDEEMEDPOSITIVE>
              <AMOUNT>287400.0</AMOUNT>
            </ALLLEDGERENTRIES.LIST>
          </VOUCHER>
        </TALLYMESSAGE>
        <TALLYMESSAGE xmlns:UDF="TallyUDF">
          <VOUCHER VCHTYPE="Payment" ACTION="Create">
            <DATE>20230507</DATE>
            <VOUCHERTYPENAME>Payment</VOUCHERTYPENAME>
            <NARRATION>BULK NEFT SALARY MAY 2023 4 EMPLOYEES — SAME STRUCTURE AS APR</NARRATION>
            <ALLLEDGERENTRIES.LIST>
              <LEDGERNAME>BULK NEFT SALARY MAY 2023 4 EMPLOYEES — SAME STRUCTURE AS APR</LEDGERNAME>
              <ISDEEMEDPOSITIVE>Yes</ISDEEMEDPOSITIVE>
              <AMOUNT>-323500.0</AMOUNT>
            </ALLLEDGERENTRIES.LIST>
            <ALLLEDGERENTRIES.LIST>
              <LEDGERNAME>HDFC Bank</LEDGERNAME>
              <ISDEEMEDPOSITIVE>No</ISDEEMEDPOSITIVE>
              <AMOUNT>323500.0</AMOUNT>
            </ALLLEDGERENTRIES.LIST>
          </VOUCHER>
        </TALLYMESSAGE>
        <TALLYMESSAGE xmlns:UDF="TallyUDF">
          <VOUCHER VCHTYPE="Receipt" ACTION="Create">
            <DATE>20230510</DATE>
            <VOUCHERTYPENAME>Receipt</VOUCHERTYPENAME>
            <NARRATION>RTGS HDFC0004365 NEXGEN SOFTWARE LLP PROJECT MILESTONE 1 PAYMENT</NARRATION>
            <ALLLEDGERENTRIES.LIST>
              <LEDGERNAME>RTGS HDFC0004365 NEXGEN SOFTWARE LLP PROJECT MILESTONE 1 PAYMENT</LEDGERNAME>
              <ISDEEMEDPOSITIVE>No</ISDEEMEDPOSITIVE>
              <AMOUNT>1875000.0</AMOUNT>
            </ALLLEDGERENTRIES.LIST>
            <ALLLEDGERENTRIES.LIST>
              <LEDGERNAME>HDFC Bank</LEDGERNAME>
              <ISDEEMEDPOSITIVE>Yes</ISDEEMEDPOSITIVE>
              <AMOUNT>-1875000.0</AMOUNT>
            </ALLLEDGERENTRIES.LIST>
          </VOUCHER>
        </TALLYMESSAGE>
        <TALLYMESSAGE xmlns:UDF="TallyUDF">
          <VOUCHER VCHTYPE="Payment" ACTION="Create">
            <DATE>20230512</DATE>
            <VOUCHERTYPENAME>Payment</VOUCHERTYPENAME>
            <NARRATION>NEFT ICIC0009876 DIGITAL SPARK MEDIA SEO &amp; CONTENT MARKETING MAY</NARRATION>
            <ALLLEDGERENTRIES.LIST>
              <LEDGERNAME>NEFT ICIC0009876 DIGITAL SPARK MEDIA SEO &amp; CONTENT MARKETING MAY</LEDGERNAME>
              <ISDEEMEDPOSITIVE>Yes</ISDEEMEDPOSITIVE>
              <AMOUNT>-45000.0</AMOUNT>
            </ALLLEDGERENTRIES.LIST>
            <ALLLEDGERENTRIES.LIST>
              <LEDGERNAME>HDFC Bank</LEDGERNAME>
              <ISDEEMEDPOSITIVE>No</ISDEEMEDPOSITIVE>
              <AMOUNT>45000.0</AMOUNT>
            </ALLLEDGERENTRIES.LIST>
          </VOUCHER>
        </TALLYMESSAGE>
        <TALLYMESSAGE xmlns:UDF="TallyUDF">
          <VOUCHER VCHTYPE="Payment" ACTION="Create">
            <DATE>20230515</DATE>
            <VOUCHERTYPENAME>Payment</VOUCHERTYPENAME>
            <NARRATION>OYO BUSINESS ACCOM HYDERABAD OFFSITE 3N 4D</NARRATION>
            <ALLLEDGERENTRIES.LIST>
              <LEDGERNAME>OYO BUSINESS ACCOM HYDERABAD OFFSITE 3N 4D</LEDGERNAME>
              <ISDEEMEDPOSITIVE>Yes</ISDEEMEDPOSITIVE>
              <AMOUNT>-42000.0</AMOUNT>
            </ALLLEDGERENTRIES.LIST>
            <ALLLEDGERENTRIES.LIST>
              <LEDGERNAME>HDFC Bank</LEDGERNAME>
              <ISDEEMEDPOSITIVE>No</ISDEEMEDPOSITIVE>
              <AMOUNT>42000.0</AMOUNT>
            </ALLLEDGERENTRIES.LIST>
          </VOUCHER>
        </TALLYMESSAGE>
        <TALLYMESSAGE xmlns:UDF="TallyUDF">
          <VOUCHER VCHTYPE="Payment" ACTION="Create">
            <DATE>20230518</DATE>
            <VOUCHERTYPENAME>Payment</VOUCHERTYPENAME>
            <NARRATION>NEFT SBIN0007654 ADVANCE TAX Q1 AY 2024 25 CHALLAN NO 280</NARRATION>
            <ALLLEDGERENTRIES.LIST>
              <LEDGERNAME>NEFT SBIN0007654 ADVANCE TAX Q1 AY 2024 25 CHALLAN NO 280</LEDGERNAME>
              <ISDEEMEDPOSITIVE>Yes</ISDEEMEDPOSITIVE>
              <AMOUNT>-108000.0</AMOUNT>
            </ALLLEDGERENTRIES.LIST>
            <ALLLEDGERENTRIES.LIST>
              <LEDGERNAME>HDFC Bank</LEDGERNAME>
              <ISDEEMEDPOSITIVE>No</ISDEEMEDPOSITIVE>
              <AMOUNT>108000.0</AMOUNT>
            </ALLLEDGERENTRIES.LIST>
          </VOUCHER>
        </TALLYMESSAGE>
        <TALLYMESSAGE xmlns:UDF="TallyUDF">
          <VOUCHER VCHTYPE="Payment" ACTION="Create">
            <DATE>20230520</DATE>
            <VOUCHERTYPENAME>Payment</VOUCHERTYPENAME>
            <NARRATION>NEFT HDFC0009012 ERGODESK SOLUTIONS OFFICE FURNITURE 12 UNITS</NARRATION>
            <ALLLEDGERENTRIES.LIST>
              <LEDGERNAME>NEFT HDFC0009012 ERGODESK SOLUTIONS OFFICE FURNITURE 12 UNITS</LEDGERNAME>
              <ISDEEMEDPOSITIVE>Yes</ISDEEMEDPOSITIVE>
              <AMOUNT>-96000.0</AMOUNT>
            </ALLLEDGERENTRIES.LIST>
            <ALLLEDGERENTRIES.LIST>
              <LEDGERNAME>HDFC Bank</LEDGERNAME>
              <ISDEEMEDPOSITIVE>No</ISDEEMEDPOSITIVE>
              <AMOUNT>96000.0</AMOUNT>
            </ALLLEDGERENTRIES.LIST>
          </VOUCHER>
        </TALLYMESSAGE>
        <TALLYMESSAGE xmlns:UDF="TallyUDF">
          <VOUCHER VCHTYPE="Payment" ACTION="Create">
            <DATE>20230522</DATE>
            <VOUCHERTYPENAME>Payment</VOUCHERTYPENAME>
            <NARRATION>RTGS KOTAK0001122 NETPLUS ILINK LEASED LINE RENEWAL 1 YR</NARRATION>
            <ALLLEDGERENTRIES.LIST>
              <LEDGERNAME>RTGS KOTAK0001122 NETPLUS ILINK LEASED LINE RENEWAL 1 YR</LEDGERNAME>
              <ISDEEMEDPOSITIVE>Yes</ISDEEMEDPOSITIVE>
              <AMOUNT>-120000.0</AMOUNT>
            </ALLLEDGERENTRIES.LIST>
            <ALLLEDGERENTRIES.LIST>
              <LEDGERNAME>HDFC Bank</LEDGERNAME>
              <ISDEEMEDPOSITIVE>No</ISDEEMEDPOSITIVE>
              <AMOUNT>120000.0</AMOUNT>
            </ALLLEDGERENTRIES.LIST>
          </VOUCHER>
        </TALLYMESSAGE>
        <TALLYMESSAGE xmlns:UDF="TallyUDF">
          <VOUCHER VCHTYPE="Payment" ACTION="Create">
            <DATE>20230525</DATE>
            <VOUCHERTYPENAME>Payment</VOUCHERTYPENAME>
            <NARRATION>CREDIT CARD AUTOPAY TAD CORPORATE CARD STMT MAY</NARRATION>
            <ALLLEDGERENTRIES.LIST>
              <LEDGERNAME>CREDIT CARD AUTOPAY TAD CORPORATE CARD STMT MAY</LEDGERNAME>
              <ISDEEMEDPOSITIVE>Yes</ISDEEMEDPOSITIVE>
              <AMOUNT>-52750.0</AMOUNT>
            </ALLLEDGERENTRIES.LIST>
            <ALLLEDGERENTRIES.LIST>
              <LEDGERNAME>HDFC Bank</LEDGERNAME>
              <ISDEEMEDPOSITIVE>No</ISDEEMEDPOSITIVE>
              <AMOUNT>52750.0</AMOUNT>
            </ALLLEDGERENTRIES.LIST>
          </VOUCHER>
        </TALLYMESSAGE>
        <TALLYMESSAGE xmlns:UDF="TallyUDF">
          <VOUCHER VCHTYPE="Receipt" ACTION="Create">
            <DATE>20230531</DATE>
            <VOUCHERTYPENAME>Receipt</VOUCHERTYPENAME>
            <NARRATION>CREDIT INTEREST CAPITALISED</NARRATION>
            <ALLLEDGERENTRIES.LIST>
              <LEDGERNAME>CREDIT INTEREST CAPITALISED</LEDGERNAME>
              <ISDEEMEDPOSITIVE>No</ISDEEMEDPOSITIVE>
              <AMOUNT>3610.0</AMOUNT>
            </ALLLEDGERENTRIES.LIST>
            <ALLLEDGERENTRIES.LIST>
              <LEDGERNAME>HDFC Bank</LEDGERNAME>
              <ISDEEMEDPOSITIVE>Yes</ISDEEMEDPOSITIVE>
              <AMOUNT>-3610.0</AMOUNT>
            </ALLLEDGERENTRIES.LIST>
          </VOUCHER>
        </TALLYMESSAGE>
        <TALLYMESSAGE xmlns:UDF="TallyUDF">
          <VOUCHER VCHTYPE="Payment" ACTION="Create">
            <DATE>20230602</DATE>
            <VOUCHERTYPENAME>Payment</VOUCHERTYPENAME>
            <NARRATION>NEFT HDFC0000234 TECHPARK ESTATES LLP OFFICE RENT JUN 2023</NARRATION>
            <ALLLEDGERENTRIES.LIST>
              <LEDGERNAME>NEFT HDFC0000234 TECHPARK ESTATES LLP OFFICE RENT JUN 2023</LEDGERNAME>
              <ISDEEMEDPOSITIVE>Yes</ISDEEMEDPOSITIVE>
              <AMOUNT>-185000.0</AMOUNT>
            </ALLLEDGERENTRIES.LIST>
            <ALLLEDGERENTRIES.LIST>
              <LEDGERNAME>HDFC Bank</LEDGERNAME>
              <ISDEEMEDPOSITIVE>No</ISDEEMEDPOSITIVE>
              <AMOUNT>185000.0</AMOUNT>
            </ALLLEDGERENTRIES.LIST>
          </VOUCHER>
        </TALLYMESSAGE>
        <TALLYMESSAGE xmlns:UDF="TallyUDF">
          <VOUCHER VCHTYPE="Payment" ACTION="Create">
            <DATE>20230605</DATE>
            <VOUCHERTYPENAME>Payment</VOUCHERTYPENAME>
            <NARRATION>RTGS ICIC0000567 CLOUDINFRA SERVICES AWS USAGE BILL MAY CYCLE</NARRATION>
            <ALLLEDGERENTRIES.LIST>
              <LEDGERNAME>RTGS ICIC0000567 CLOUDINFRA SERVICES AWS USAGE BILL MAY CYCLE</LEDGERNAME>
              <ISDEEMEDPOSITIVE>Yes</ISDEEMEDPOSITIVE>
              <AMOUNT>-311200.0</AMOUNT>
            </ALLLEDGERENTRIES.LIST>
            <ALLLEDGERENTRIES.LIST>
              <LEDGERNAME>HDFC Bank</LEDGERNAME>
              <ISDEEMEDPOSITIVE>No</ISDEEMEDPOSITIVE>
              <AMOUNT>311200.0</AMOUNT>
            </ALLLEDGERENTRIES.LIST>
          </VOUCHER>
        </TALLYMESSAGE>
        <TALLYMESSAGE xmlns:UDF="TallyUDF">
          <VOUCHER VCHTYPE="Payment" ACTION="Create">
            <DATE>20230607</DATE>
            <VOUCHERTYPENAME>Payment</VOUCHERTYPENAME>
            <NARRATION>BULK NEFT SALARY JUN 2023 4 EMPLOYEES PROCESSED LIMITED</NARRATION>
            <ALLLEDGERENTRIES.LIST>
              <LEDGERNAME>BULK NEFT SALARY JUN 2023 4 EMPLOYEES PROCESSED LIMITED</LEDGERNAME>
              <ISDEEMEDPOSITIVE>Yes</ISDEEMEDPOSITIVE>
              <AMOUNT>-323500.0</AMOUNT>
            </ALLLEDGERENTRIES.LIST>
            <ALLLEDGERENTRIES.LIST>
              <LEDGERNAME>HDFC Bank</LEDGERNAME>
              <ISDEEMEDPOSITIVE>No</ISDEEMEDPOSITIVE>
              <AMOUNT>323500.0</AMOUNT>
            </ALLLEDGERENTRIES.LIST>
          </VOUCHER>
        </TALLYMESSAGE>
        <TALLYMESSAGE xmlns:UDF="TallyUDF">
          <VOUCHER VCHTYPE="Receipt" ACTION="Create">
            <DATE>20230609</DATE>
            <VOUCHERTYPENAME>Receipt</VOUCHERTYPENAME>
            <NARRATION>RTGS HDFC0004365 NEXGEN SOFTWARE LLP Q1 PROJECT COMPLETION PAYMENT</NARRATION>
            <ALLLEDGERENTRIES.LIST>
              <LEDGERNAME>RTGS HDFC0004365 NEXGEN SOFTWARE LLP Q1 PROJECT COMPLETION PAYMENT</LEDGERNAME>
              <ISDEEMEDPOSITIVE>No</ISDEEMEDPOSITIVE>
              <AMOUNT>2200000.0</AMOUNT>
            </ALLLEDGERENTRIES.LIST>
            <ALLLEDGERENTRIES.LIST>
              <LEDGERNAME>HDFC Bank</LEDGERNAME>
              <ISDEEMEDPOSITIVE>Yes</ISDEEMEDPOSITIVE>
              <AMOUNT>-2200000.0</AMOUNT>
            </ALLLEDGERENTRIES.LIST>
          </VOUCHER>
        </TALLYMESSAGE>
        <TALLYMESSAGE xmlns:UDF="TallyUDF">
          <VOUCHER VCHTYPE="Payment" ACTION="Create">
            <DATE>20230612</DATE>
            <VOUCHERTYPENAME>Payment</VOUCHERTYPENAME>
            <NARRATION>NEFT AXIS0007890 LINKEDIN INDIA RECRUITMENT ADS JUN CAMPAIGN</NARRATION>
            <ALLLEDGERENTRIES.LIST>
              <LEDGERNAME>NEFT AXIS0007890 LINKEDIN INDIA RECRUITMENT ADS JUN CAMPAIGN</LEDGERNAME>
              <ISDEEMEDPOSITIVE>Yes</ISDEEMEDPOSITIVE>
              <AMOUNT>-32000.0</AMOUNT>
            </ALLLEDGERENTRIES.LIST>
            <ALLLEDGERENTRIES.LIST>
              <LEDGERNAME>HDFC Bank</LEDGERNAME>
              <ISDEEMEDPOSITIVE>No</ISDEEMEDPOSITIVE>
              <AMOUNT>32000.0</AMOUNT>
            </ALLLEDGERENTRIES.LIST>
          </VOUCHER>
        </TALLYMESSAGE>
        <TALLYMESSAGE xmlns:UDF="TallyUDF">
          <VOUCHER VCHTYPE="Payment" ACTION="Create">
            <DATE>20230614</DATE>
            <VOUCHERTYPENAME>Payment</VOUCHERTYPENAME>
            <NARRATION>CLEARTRIP BIZ FLT MUM DEL MUM SALES TEAM</NARRATION>
            <ALLLEDGERENTRIES.LIST>
              <LEDGERNAME>CLEARTRIP BIZ FLT MUM DEL MUM SALES TEAM</LEDGERNAME>
              <ISDEEMEDPOSITIVE>Yes</ISDEEMEDPOSITIVE>
              <AMOUNT>-18400.0</AMOUNT>
            </ALLLEDGERENTRIES.LIST>
            <ALLLEDGERENTRIES.LIST>
              <LEDGERNAME>HDFC Bank</LEDGERNAME>
              <ISDEEMEDPOSITIVE>No</ISDEEMEDPOSITIVE>
              <AMOUNT>18400.0</AMOUNT>
            </ALLLEDGERENTRIES.LIST>
          </VOUCHER>
        </TALLYMESSAGE>
        <TALLYMESSAGE xmlns:UDF="TallyUDF">
          <VOUCHER VCHTYPE="Payment" ACTION="Create">
            <DATE>20230616</DATE>
            <VOUCHERTYPENAME>Payment</VOUCHERTYPENAME>
            <NARRATION>NEFT SBIN0007654 GST PAYMENT JUN 23 GSTN: 27AABCA1234B1Z5</NARRATION>
            <ALLLEDGERENTRIES.LIST>
              <LEDGERNAME>NEFT SBIN0007654 GST PAYMENT JUN 23 GSTN: 27AABCA1234B1Z5</LEDGERNAME>
              <ISDEEMEDPOSITIVE>Yes</ISDEEMEDPOSITIVE>
              <AMOUNT>-55000.0</AMOUNT>
            </ALLLEDGERENTRIES.LIST>
            <ALLLEDGERENTRIES.LIST>
              <LEDGERNAME>HDFC Bank</LEDGERNAME>
              <ISDEEMEDPOSITIVE>No</ISDEEMEDPOSITIVE>
              <AMOUNT>55000.0</AMOUNT>
            </ALLLEDGERENTRIES.LIST>
          </VOUCHER>
        </TALLYMESSAGE>
        <TALLYMESSAGE xmlns:UDF="TallyUDF">
          <VOUCHER VCHTYPE="Payment" ACTION="Create">
            <DATE>20230619</DATE>
            <VOUCHERTYPENAME>Payment</VOUCHERTYPENAME>
            <NARRATION>NEFT HDFC0003456 ZENDESK INDIA SUPPORT TOOL ANNUAL LICENSE</NARRATION>
            <ALLLEDGERENTRIES.LIST>
              <LEDGERNAME>NEFT HDFC0003456 ZENDESK INDIA SUPPORT TOOL ANNUAL LICENSE</LEDGERNAME>
              <ISDEEMEDPOSITIVE>Yes</ISDEEMEDPOSITIVE>
              <AMOUNT>-84000.0</AMOUNT>
            </ALLLEDGERENTRIES.LIST>
            <ALLLEDGERENTRIES.LIST>
              <LEDGERNAME>HDFC Bank</LEDGERNAME>
              <ISDEEMEDPOSITIVE>No</ISDEEMEDPOSITIVE>
              <AMOUNT>84000.0</AMOUNT>
            </ALLLEDGERENTRIES.LIST>
          </VOUCHER>
        </TALLYMESSAGE>
        <TALLYMESSAGE xmlns:UDF="TallyUDF">
          <VOUCHER VCHTYPE="Payment" ACTION="Create">
            <DATE>20230625</DATE>
            <VOUCHERTYPENAME>Payment</VOUCHERTYPENAME>
            <NARRATION>CREDIT CARD AUTOPAY TAD CORPORATE CARD STMT JUN</NARRATION>
            <ALLLEDGERENTRIES.LIST>
              <LEDGERNAME>CREDIT CARD AUTOPAY TAD CORPORATE CARD STMT JUN</LEDGERNAME>
              <ISDEEMEDPOSITIVE>Yes</ISDEEMEDPOSITIVE>
              <AMOUNT>-61300.0</AMOUNT>
            </ALLLEDGERENTRIES.LIST>
            <ALLLEDGERENTRIES.LIST>
              <LEDGERNAME>HDFC Bank</LEDGERNAME>
              <ISDEEMEDPOSITIVE>No</ISDEEMEDPOSITIVE>
              <AMOUNT>61300.0</AMOUNT>
            </ALLLEDGERENTRIES.LIST>
          </VOUCHER>
        </TALLYMESSAGE>
        <TALLYMESSAGE xmlns:UDF="TallyUDF">
          <VOUCHER VCHTYPE="Payment" ACTION="Create">
            <DATE>20230628</DATE>
            <VOUCHERTYPENAME>Payment</VOUCHERTYPENAME>
            <NARRATION>NEFT HDFC0001234 ELECBILL MSEDCL ELECTRICITY BILL JUN 2023</NARRATION>
            <ALLLEDGERENTRIES.LIST>
              <LEDGERNAME>NEFT HDFC0001234 ELECBILL MSEDCL ELECTRICITY BILL JUN 2023</LEDGERNAME>
              <ISDEEMEDPOSITIVE>Yes</ISDEEMEDPOSITIVE>
              <AMOUNT>-22400.0</AMOUNT>
            </ALLLEDGERENTRIES.LIST>
            <ALLLEDGERENTRIES.LIST>
              <LEDGERNAME>HDFC Bank</LEDGERNAME>
              <ISDEEMEDPOSITIVE>No</ISDEEMEDPOSITIVE>
              <AMOUNT>22400.0</AMOUNT>
            </ALLLEDGERENTRIES.LIST>
          </VOUCHER>
        </TALLYMESSAGE>
        <TALLYMESSAGE xmlns:UDF="TallyUDF">
          <VOUCHER VCHTYPE="Receipt" ACTION="Create">
            <DATE>20230630</DATE>
            <VOUCHERTYPENAME>Receipt</VOUCHERTYPENAME>
            <NARRATION>CREDIT INTEREST CAPITALISED LIMITED</NARRATION>
            <ALLLEDGERENTRIES.LIST>
              <LEDGERNAME>CREDIT INTEREST CAPITALISED LIMITED</LEDGERNAME>
              <ISDEEMEDPOSITIVE>No</ISDEEMEDPOSITIVE>
              <AMOUNT>4980.0</AMOUNT>
            </ALLLEDGERENTRIES.LIST>
            <ALLLEDGERENTRIES.LIST>
              <LEDGERNAME>HDFC Bank</LEDGERNAME>
              <ISDEEMEDPOSITIVE>Yes</ISDEEMEDPOSITIVE>
              <AMOUNT>-4980.0</AMOUNT>
            </ALLLEDGERENTRIES.LIST>
          </VOUCHER>
        </TALLYMESSAGE>
        <TALLYMESSAGE xmlns:UDF="TallyUDF">
          <VOUCHER VCHTYPE="Payment" ACTION="Create">
            <DATE>20230703</DATE>
            <VOUCHERTYPENAME>Payment</VOUCHERTYPENAME>
            <NARRATION>NEFT HDFC0000234 TECHPARK ESTATES LLP OFFICE RENT JUL 2023</NARRATION>
            <ALLLEDGERENTRIES.LIST>
              <LEDGERNAME>NEFT HDFC0000234 TECHPARK ESTATES LLP OFFICE RENT JUL 2023</LEDGERNAME>
              <ISDEEMEDPOSITIVE>Yes</ISDEEMEDPOSITIVE>
              <AMOUNT>-185000.0</AMOUNT>
            </ALLLEDGERENTRIES.LIST>
            <ALLLEDGERENTRIES.LIST>
              <LEDGERNAME>HDFC Bank</LEDGERNAME>
              <ISDEEMEDPOSITIVE>No</ISDEEMEDPOSITIVE>
              <AMOUNT>185000.0</AMOUNT>
            </ALLLEDGERENTRIES.LIST>
          </VOUCHER>
        </TALLYMESSAGE>
        <TALLYMESSAGE xmlns:UDF="TallyUDF">
          <VOUCHER VCHTYPE="Payment" ACTION="Create">
            <DATE>20230705</DATE>
            <VOUCHERTYPENAME>Payment</VOUCHERTYPENAME>
            <NARRATION>RTGS ICIC0000567 CLOUDINFRA SERVICES AWS USAGE BILL JUN CYCLE</NARRATION>
            <ALLLEDGERENTRIES.LIST>
              <LEDGERNAME>RTGS ICIC0000567 CLOUDINFRA SERVICES AWS USAGE BILL JUN CYCLE</LEDGERNAME>
              <ISDEEMEDPOSITIVE>Yes</ISDEEMEDPOSITIVE>
              <AMOUNT>-344000.0</AMOUNT>
            </ALLLEDGERENTRIES.LIST>
            <ALLLEDGERENTRIES.LIST>
              <LEDGERNAME>HDFC Bank</LEDGERNAME>
              <ISDEEMEDPOSITIVE>No</ISDEEMEDPOSITIVE>
              <AMOUNT>344000.0</AMOUNT>
            </ALLLEDGERENTRIES.LIST>
          </VOUCHER>
        </TALLYMESSAGE>
        <TALLYMESSAGE xmlns:UDF="TallyUDF">
          <VOUCHER VCHTYPE="Payment" ACTION="Create">
            <DATE>20230707</DATE>
            <VOUCHERTYPENAME>Payment</VOUCHERTYPENAME>
            <NARRATION>BULK NEFT SALARY JUL 2023 5 EMPLOYEES (NEW HIRE: VIKRAM RAO Rs 82K)</NARRATION>
            <ALLLEDGERENTRIES.LIST>
              <LEDGERNAME>BULK NEFT SALARY JUL 2023 5 EMPLOYEES (NEW HIRE: VIKRAM RAO Rs 82K)</LEDGERNAME>
              <ISDEEMEDPOSITIVE>Yes</ISDEEMEDPOSITIVE>
              <AMOUNT>-405500.0</AMOUNT>
            </ALLLEDGERENTRIES.LIST>
            <ALLLEDGERENTRIES.LIST>
              <LEDGERNAME>HDFC Bank</LEDGERNAME>
              <ISDEEMEDPOSITIVE>No</ISDEEMEDPOSITIVE>
              <AMOUNT>405500.0</AMOUNT>
            </ALLLEDGERENTRIES.LIST>
          </VOUCHER>
        </TALLYMESSAGE>
        <TALLYMESSAGE xmlns:UDF="TallyUDF">
          <VOUCHER VCHTYPE="Receipt" ACTION="Create">
            <DATE>20230710</DATE>
            <VOUCHERTYPENAME>Receipt</VOUCHERTYPENAME>
            <NARRATION>RTGS HDFC0004365 NEXGEN SOFTWARE LLP NEW PROJECT KICKOFF ADVANCE</NARRATION>
            <ALLLEDGERENTRIES.LIST>
              <LEDGERNAME>RTGS HDFC0004365 NEXGEN SOFTWARE LLP NEW PROJECT KICKOFF ADVANCE</LEDGERNAME>
              <ISDEEMEDPOSITIVE>No</ISDEEMEDPOSITIVE>
              <AMOUNT>1400000.0</AMOUNT>
            </ALLLEDGERENTRIES.LIST>
            <ALLLEDGERENTRIES.LIST>
              <LEDGERNAME>HDFC Bank</LEDGERNAME>
              <ISDEEMEDPOSITIVE>Yes</ISDEEMEDPOSITIVE>
              <AMOUNT>-1400000.0</AMOUNT>
            </ALLLEDGERENTRIES.LIST>
          </VOUCHER>
        </TALLYMESSAGE>
        <TALLYMESSAGE xmlns:UDF="TallyUDF">
          <VOUCHER VCHTYPE="Payment" ACTION="Create">
            <DATE>20230712</DATE>
            <VOUCHERTYPENAME>Payment</VOUCHERTYPENAME>
            <NARRATION>NEFT ICIC0009876 DIGITAL SPARK MEDIA GOOGLE ADS MANAGEMENT JUL</NARRATION>
            <ALLLEDGERENTRIES.LIST>
              <LEDGERNAME>NEFT ICIC0009876 DIGITAL SPARK MEDIA GOOGLE ADS MANAGEMENT JUL</LEDGERNAME>
              <ISDEEMEDPOSITIVE>Yes</ISDEEMEDPOSITIVE>
              <AMOUNT>-45000.0</AMOUNT>
            </ALLLEDGERENTRIES.LIST>
            <ALLLEDGERENTRIES.LIST>
              <LEDGERNAME>HDFC Bank</LEDGERNAME>
              <ISDEEMEDPOSITIVE>No</ISDEEMEDPOSITIVE>
              <AMOUNT>45000.0</AMOUNT>
            </ALLLEDGERENTRIES.LIST>
          </VOUCHER>
        </TALLYMESSAGE>
        <TALLYMESSAGE xmlns:UDF="TallyUDF">
          <VOUCHER VCHTYPE="Payment" ACTION="Create">
            <DATE>20230714</DATE>
            <VOUCHERTYPENAME>Payment</VOUCHERTYPENAME>
            <NARRATION>NEFT HDFC0005432 AWS INDIA PVT LTD RESERVED INSTANCE PURCHASE</NARRATION>
            <ALLLEDGERENTRIES.LIST>
              <LEDGERNAME>NEFT HDFC0005432 AWS INDIA PVT LTD RESERVED INSTANCE PURCHASE</LEDGERNAME>
              <ISDEEMEDPOSITIVE>Yes</ISDEEMEDPOSITIVE>
              <AMOUNT>-210000.0</AMOUNT>
            </ALLLEDGERENTRIES.LIST>
            <ALLLEDGERENTRIES.LIST>
              <LEDGERNAME>HDFC Bank</LEDGERNAME>
              <ISDEEMEDPOSITIVE>No</ISDEEMEDPOSITIVE>
              <AMOUNT>210000.0</AMOUNT>
            </ALLLEDGERENTRIES.LIST>
          </VOUCHER>
        </TALLYMESSAGE>
        <TALLYMESSAGE xmlns:UDF="TallyUDF">
          <VOUCHER VCHTYPE="Payment" ACTION="Create">
            <DATE>20230718</DATE>
            <VOUCHERTYPENAME>Payment</VOUCHERTYPENAME>
            <NARRATION>NEFT SBIN0007654 GST PAYMENT JUL 23 GSTN: 27AABCA1234B1Z5</NARRATION>
            <ALLLEDGERENTRIES.LIST>
              <LEDGERNAME>NEFT SBIN0007654 GST PAYMENT JUL 23 GSTN: 27AABCA1234B1Z5</LEDGERNAME>
              <ISDEEMEDPOSITIVE>Yes</ISDEEMEDPOSITIVE>
              <AMOUNT>-82000.0</AMOUNT>
            </ALLLEDGERENTRIES.LIST>
            <ALLLEDGERENTRIES.LIST>
              <LEDGERNAME>HDFC Bank</LEDGERNAME>
              <ISDEEMEDPOSITIVE>No</ISDEEMEDPOSITIVE>
              <AMOUNT>82000.0</AMOUNT>
            </ALLLEDGERENTRIES.LIST>
          </VOUCHER>
        </TALLYMESSAGE>
        <TALLYMESSAGE xmlns:UDF="TallyUDF">
          <VOUCHER VCHTYPE="Payment" ACTION="Create">
            <DATE>20230720</DATE>
            <VOUCHERTYPENAME>Payment</VOUCHERTYPENAME>
            <NARRATION>INDIGO AIRLINES BIZ FLT MUM BLR 4 PAX TECH SUMMIT</NARRATION>
            <ALLLEDGERENTRIES.LIST>
              <LEDGERNAME>INDIGO AIRLINES BIZ FLT MUM BLR 4 PAX TECH SUMMIT</LEDGERNAME>
              <ISDEEMEDPOSITIVE>Yes</ISDEEMEDPOSITIVE>
              <AMOUNT>-48200.0</AMOUNT>
            </ALLLEDGERENTRIES.LIST>
            <ALLLEDGERENTRIES.LIST>
              <LEDGERNAME>HDFC Bank</LEDGERNAME>
              <ISDEEMEDPOSITIVE>No</ISDEEMEDPOSITIVE>
              <AMOUNT>48200.0</AMOUNT>
            </ALLLEDGERENTRIES.LIST>
          </VOUCHER>
        </TALLYMESSAGE>
        <TALLYMESSAGE xmlns:UDF="TallyUDF">
          <VOUCHER VCHTYPE="Payment" ACTION="Create">
            <DATE>20230722</DATE>
            <VOUCHERTYPENAME>Payment</VOUCHERTYPENAME>
            <NARRATION>NEFT HDFC0009876 NASSCOM INDIA ANNUAL MEMBERSHIP FEES FY24</NARRATION>
            <ALLLEDGERENTRIES.LIST>
              <LEDGERNAME>NEFT HDFC0009876 NASSCOM INDIA ANNUAL MEMBERSHIP FEES FY24</LEDGERNAME>
              <ISDEEMEDPOSITIVE>Yes</ISDEEMEDPOSITIVE>
              <AMOUNT>-75000.0</AMOUNT>
            </ALLLEDGERENTRIES.LIST>
            <ALLLEDGERENTRIES.LIST>
              <LEDGERNAME>HDFC Bank</LEDGERNAME>
              <ISDEEMEDPOSITIVE>No</ISDEEMEDPOSITIVE>
              <AMOUNT>75000.0</AMOUNT>
            </ALLLEDGERENTRIES.LIST>
          </VOUCHER>
        </TALLYMESSAGE>
        <TALLYMESSAGE xmlns:UDF="TallyUDF">
          <VOUCHER VCHTYPE="Payment" ACTION="Create">
            <DATE>20230725</DATE>
            <VOUCHERTYPENAME>Payment</VOUCHERTYPENAME>
            <NARRATION>CREDIT CARD AUTOPAY TAD CORPORATE CARD STMT JUL</NARRATION>
            <ALLLEDGERENTRIES.LIST>
              <LEDGERNAME>CREDIT CARD AUTOPAY TAD CORPORATE CARD STMT JUL</LEDGERNAME>
              <ISDEEMEDPOSITIVE>Yes</ISDEEMEDPOSITIVE>
              <AMOUNT>-68500.0</AMOUNT>
            </ALLLEDGERENTRIES.LIST>
            <ALLLEDGERENTRIES.LIST>
              <LEDGERNAME>HDFC Bank</LEDGERNAME>
              <ISDEEMEDPOSITIVE>No</ISDEEMEDPOSITIVE>
              <AMOUNT>68500.0</AMOUNT>
            </ALLLEDGERENTRIES.LIST>
          </VOUCHER>
        </TALLYMESSAGE>
        <TALLYMESSAGE xmlns:UDF="TallyUDF">
          <VOUCHER VCHTYPE="Payment" ACTION="Create">
            <DATE>20230728</DATE>
            <VOUCHERTYPENAME>Payment</VOUCHERTYPENAME>
            <NARRATION>NEFT HDFC0001234 ELECBILL MSEDCL ELECTRICITY BILL JUL 2023</NARRATION>
            <ALLLEDGERENTRIES.LIST>
              <LEDGERNAME>NEFT HDFC0001234 ELECBILL MSEDCL ELECTRICITY BILL JUL 2023</LEDGERNAME>
              <ISDEEMEDPOSITIVE>Yes</ISDEEMEDPOSITIVE>
              <AMOUNT>-24800.0</AMOUNT>
            </ALLLEDGERENTRIES.LIST>
            <ALLLEDGERENTRIES.LIST>
              <LEDGERNAME>HDFC Bank</LEDGERNAME>
              <ISDEEMEDPOSITIVE>No</ISDEEMEDPOSITIVE>
              <AMOUNT>24800.0</AMOUNT>
            </ALLLEDGERENTRIES.LIST>
          </VOUCHER>
        </TALLYMESSAGE>
        <TALLYMESSAGE xmlns:UDF="TallyUDF">
          <VOUCHER VCHTYPE="Receipt" ACTION="Create">
            <DATE>20230731</DATE>
            <VOUCHERTYPENAME>Receipt</VOUCHERTYPENAME>
            <NARRATION>CREDIT INTEREST CAPITALISED</NARRATION>
            <ALLLEDGERENTRIES.LIST>
              <LEDGERNAME>CREDIT INTEREST CAPITALISED</LEDGERNAME>
              <ISDEEMEDPOSITIVE>No</ISDEEMEDPOSITIVE>
              <AMOUNT>5720.0</AMOUNT>
            </ALLLEDGERENTRIES.LIST>
            <ALLLEDGERENTRIES.LIST>
              <LEDGERNAME>HDFC Bank</LEDGERNAME>
              <ISDEEMEDPOSITIVE>Yes</ISDEEMEDPOSITIVE>
              <AMOUNT>-5720.0</AMOUNT>
            </ALLLEDGERENTRIES.LIST>
          </VOUCHER>
        </TALLYMESSAGE>
        <TALLYMESSAGE xmlns:UDF="TallyUDF">
          <VOUCHER VCHTYPE="Payment" ACTION="Create">
            <DATE>20230802</DATE>
            <VOUCHERTYPENAME>Payment</VOUCHERTYPENAME>
            <NARRATION>NEFT HDFC0000234 TECHPARK ESTATES LLP OFFICE RENT AUG 2023 LIMITED</NARRATION>
            <ALLLEDGERENTRIES.LIST>
              <LEDGERNAME>NEFT HDFC0000234 TECHPARK ESTATES LLP OFFICE RENT AUG 2023 LIMITED</LEDGERNAME>
              <ISDEEMEDPOSITIVE>Yes</ISDEEMEDPOSITIVE>
              <AMOUNT>-185000.0</AMOUNT>
            </ALLLEDGERENTRIES.LIST>
            <ALLLEDGERENTRIES.LIST>
              <LEDGERNAME>HDFC Bank</LEDGERNAME>
              <ISDEEMEDPOSITIVE>No</ISDEEMEDPOSITIVE>
              <AMOUNT>185000.0</AMOUNT>
            </ALLLEDGERENTRIES.LIST>
          </VOUCHER>
        </TALLYMESSAGE>
        <TALLYMESSAGE xmlns:UDF="TallyUDF">
          <VOUCHER VCHTYPE="Payment" ACTION="Create">
            <DATE>20230805</DATE>
            <VOUCHERTYPENAME>Payment</VOUCHERTYPENAME>
            <NARRATION>RTGS ICIC0000567 CLOUDINFRA SERVICES AWS USAGE BILL JUL CYCLE</NARRATION>
            <ALLLEDGERENTRIES.LIST>
              <LEDGERNAME>RTGS ICIC0000567 CLOUDINFRA SERVICES AWS USAGE BILL JUL CYCLE</LEDGERNAME>
              <ISDEEMEDPOSITIVE>Yes</ISDEEMEDPOSITIVE>
              <AMOUNT>-368000.0</AMOUNT>
            </ALLLEDGERENTRIES.LIST>
            <ALLLEDGERENTRIES.LIST>
              <LEDGERNAME>HDFC Bank</LEDGERNAME>
              <ISDEEMEDPOSITIVE>No</ISDEEMEDPOSITIVE>
              <AMOUNT>368000.0</AMOUNT>
            </ALLLEDGERENTRIES.LIST>
          </VOUCHER>
        </TALLYMESSAGE>
        <TALLYMESSAGE xmlns:UDF="TallyUDF">
          <VOUCHER VCHTYPE="Payment" ACTION="Create">
            <DATE>20230807</DATE>
            <VOUCHERTYPENAME>Payment</VOUCHERTYPENAME>
            <NARRATION>BULK NEFT SALARY AUG 2023 5 EMPLOYEES PROCESSED</NARRATION>
            <ALLLEDGERENTRIES.LIST>
              <LEDGERNAME>BULK NEFT SALARY AUG 2023 5 EMPLOYEES PROCESSED</LEDGERNAME>
              <ISDEEMEDPOSITIVE>Yes</ISDEEMEDPOSITIVE>
              <AMOUNT>-405500.0</AMOUNT>
            </ALLLEDGERENTRIES.LIST>
            <ALLLEDGERENTRIES.LIST>
              <LEDGERNAME>HDFC Bank</LEDGERNAME>
              <ISDEEMEDPOSITIVE>No</ISDEEMEDPOSITIVE>
              <AMOUNT>405500.0</AMOUNT>
            </ALLLEDGERENTRIES.LIST>
          </VOUCHER>
        </TALLYMESSAGE>
        <TALLYMESSAGE xmlns:UDF="TallyUDF">
          <VOUCHER VCHTYPE="Receipt" ACTION="Create">
            <DATE>20230810</DATE>
            <VOUCHERTYPENAME>Receipt</VOUCHERTYPENAME>
            <NARRATION>RTGS HDFC0004365 INFOZEAL TECH INC CLIENT PAYMENT RECD USD 45K</NARRATION>
            <ALLLEDGERENTRIES.LIST>
              <LEDGERNAME>RTGS HDFC0004365 INFOZEAL TECH INC CLIENT PAYMENT RECD USD 45K</LEDGERNAME>
              <ISDEEMEDPOSITIVE>No</ISDEEMEDPOSITIVE>
              <AMOUNT>3726000.0</AMOUNT>
            </ALLLEDGERENTRIES.LIST>
            <ALLLEDGERENTRIES.LIST>
              <LEDGERNAME>HDFC Bank</LEDGERNAME>
              <ISDEEMEDPOSITIVE>Yes</ISDEEMEDPOSITIVE>
              <AMOUNT>-3726000.0</AMOUNT>
            </ALLLEDGERENTRIES.LIST>
          </VOUCHER>
        </TALLYMESSAGE>
        <TALLYMESSAGE xmlns:UDF="TallyUDF">
          <VOUCHER VCHTYPE="Payment" ACTION="Create">
            <DATE>20230812</DATE>
            <VOUCHERTYPENAME>Payment</VOUCHERTYPENAME>
            <NARRATION>NEFT ICIC0009876 DIGITAL SPARK MEDIA SEO &amp; SOCIAL MEDIA AUG</NARRATION>
            <ALLLEDGERENTRIES.LIST>
              <LEDGERNAME>NEFT ICIC0009876 DIGITAL SPARK MEDIA SEO &amp; SOCIAL MEDIA AUG</LEDGERNAME>
              <ISDEEMEDPOSITIVE>Yes</ISDEEMEDPOSITIVE>
              <AMOUNT>-45000.0</AMOUNT>
            </ALLLEDGERENTRIES.LIST>
            <ALLLEDGERENTRIES.LIST>
              <LEDGERNAME>HDFC Bank</LEDGERNAME>
              <ISDEEMEDPOSITIVE>No</ISDEEMEDPOSITIVE>
              <AMOUNT>45000.0</AMOUNT>
            </ALLLEDGERENTRIES.LIST>
          </VOUCHER>
        </TALLYMESSAGE>
        <TALLYMESSAGE xmlns:UDF="TallyUDF">
          <VOUCHER VCHTYPE="Payment" ACTION="Create">
            <DATE>20230815</DATE>
            <VOUCHERTYPENAME>Payment</VOUCHERTYPENAME>
            <NARRATION>NEFT HDFC0002345 EPISODE SIX TECH SAAS TOOL ANNUAL CONTRACT</NARRATION>
            <ALLLEDGERENTRIES.LIST>
              <LEDGERNAME>NEFT HDFC0002345 EPISODE SIX TECH SAAS TOOL ANNUAL CONTRACT</LEDGERNAME>
              <ISDEEMEDPOSITIVE>Yes</ISDEEMEDPOSITIVE>
              <AMOUNT>-180000.0</AMOUNT>
            </ALLLEDGERENTRIES.LIST>
            <ALLLEDGERENTRIES.LIST>
              <LEDGERNAME>HDFC Bank</LEDGERNAME>
              <ISDEEMEDPOSITIVE>No</ISDEEMEDPOSITIVE>
              <AMOUNT>180000.0</AMOUNT>
            </ALLLEDGERENTRIES.LIST>
          </VOUCHER>
        </TALLYMESSAGE>
        <TALLYMESSAGE xmlns:UDF="TallyUDF">
          <VOUCHER VCHTYPE="Payment" ACTION="Create">
            <DATE>20230818</DATE>
            <VOUCHERTYPENAME>Payment</VOUCHERTYPENAME>
            <NARRATION>NEFT SBIN0007654 GST PAYMENT AUG 23 GSTN: 27AABCA1234B1Z5</NARRATION>
            <ALLLEDGERENTRIES.LIST>
              <LEDGERNAME>NEFT SBIN0007654 GST PAYMENT AUG 23 GSTN: 27AABCA1234B1Z5</LEDGERNAME>
              <ISDEEMEDPOSITIVE>Yes</ISDEEMEDPOSITIVE>
              <AMOUNT>-95000.0</AMOUNT>
            </ALLLEDGERENTRIES.LIST>
            <ALLLEDGERENTRIES.LIST>
              <LEDGERNAME>HDFC Bank</LEDGERNAME>
              <ISDEEMEDPOSITIVE>No</ISDEEMEDPOSITIVE>
              <AMOUNT>95000.0</AMOUNT>
            </ALLLEDGERENTRIES.LIST>
          </VOUCHER>
        </TALLYMESSAGE>
        <TALLYMESSAGE xmlns:UDF="TallyUDF">
          <VOUCHER VCHTYPE="Payment" ACTION="Create">
            <DATE>20230820</DATE>
            <VOUCHERTYPENAME>Payment</VOUCHERTYPENAME>
            <NARRATION>TAJ HOTELS BUSINESS ACCOM PUNE 2N CLIENT MEETING</NARRATION>
            <ALLLEDGERENTRIES.LIST>
              <LEDGERNAME>TAJ HOTELS BUSINESS ACCOM PUNE 2N CLIENT MEETING</LEDGERNAME>
              <ISDEEMEDPOSITIVE>Yes</ISDEEMEDPOSITIVE>
              <AMOUNT>-32400.0</AMOUNT>
            </ALLLEDGERENTRIES.LIST>
            <ALLLEDGERENTRIES.LIST>
              <LEDGERNAME>HDFC Bank</LEDGERNAME>
              <ISDEEMEDPOSITIVE>No</ISDEEMEDPOSITIVE>
              <AMOUNT>32400.0</AMOUNT>
            </ALLLEDGERENTRIES.LIST>
          </VOUCHER>
        </TALLYMESSAGE>
        <TALLYMESSAGE xmlns:UDF="TallyUDF">
          <VOUCHER VCHTYPE="Payment" ACTION="Create">
            <DATE>20230822</DATE>
            <VOUCHERTYPENAME>Payment</VOUCHERTYPENAME>
            <NARRATION>NEFT AXIS0006789 BRAND ELEVATE CO EXPO BOOTH DESIGN &amp; BRANDING</NARRATION>
            <ALLLEDGERENTRIES.LIST>
              <LEDGERNAME>NEFT AXIS0006789 BRAND ELEVATE CO EXPO BOOTH DESIGN &amp; BRANDING</LEDGERNAME>
              <ISDEEMEDPOSITIVE>Yes</ISDEEMEDPOSITIVE>
              <AMOUNT>-120000.0</AMOUNT>
            </ALLLEDGERENTRIES.LIST>
            <ALLLEDGERENTRIES.LIST>
              <LEDGERNAME>HDFC Bank</LEDGERNAME>
              <ISDEEMEDPOSITIVE>No</ISDEEMEDPOSITIVE>
              <AMOUNT>120000.0</AMOUNT>
            </ALLLEDGERENTRIES.LIST>
          </VOUCHER>
        </TALLYMESSAGE>
        <TALLYMESSAGE xmlns:UDF="TallyUDF">
          <VOUCHER VCHTYPE="Payment" ACTION="Create">
            <DATE>20230825</DATE>
            <VOUCHERTYPENAME>Payment</VOUCHERTYPENAME>
            <NARRATION>CREDIT CARD AUTOPAY TAD CORPORATE CARD STMT AUG</NARRATION>
            <ALLLEDGERENTRIES.LIST>
              <LEDGERNAME>CREDIT CARD AUTOPAY TAD CORPORATE CARD STMT AUG</LEDGERNAME>
              <ISDEEMEDPOSITIVE>Yes</ISDEEMEDPOSITIVE>
              <AMOUNT>-74200.0</AMOUNT>
            </ALLLEDGERENTRIES.LIST>
            <ALLLEDGERENTRIES.LIST>
              <LEDGERNAME>HDFC Bank</LEDGERNAME>
              <ISDEEMEDPOSITIVE>No</ISDEEMEDPOSITIVE>
              <AMOUNT>74200.0</AMOUNT>
            </ALLLEDGERENTRIES.LIST>
          </VOUCHER>
        </TALLYMESSAGE>
        <TALLYMESSAGE xmlns:UDF="TallyUDF">
          <VOUCHER VCHTYPE="Receipt" ACTION="Create">
            <DATE>20230831</DATE>
            <VOUCHERTYPENAME>Receipt</VOUCHERTYPENAME>
            <NARRATION>CREDIT INTEREST CAPITALISED</NARRATION>
            <ALLLEDGERENTRIES.LIST>
              <LEDGERNAME>CREDIT INTEREST CAPITALISED</LEDGERNAME>
              <ISDEEMEDPOSITIVE>No</ISDEEMEDPOSITIVE>
              <AMOUNT>8960.0</AMOUNT>
            </ALLLEDGERENTRIES.LIST>
            <ALLLEDGERENTRIES.LIST>
              <LEDGERNAME>HDFC Bank</LEDGERNAME>
              <ISDEEMEDPOSITIVE>Yes</ISDEEMEDPOSITIVE>
              <AMOUNT>-8960.0</AMOUNT>
            </ALLLEDGERENTRIES.LIST>
          </VOUCHER>
        </TALLYMESSAGE>
        <TALLYMESSAGE xmlns:UDF="TallyUDF">
          <VOUCHER VCHTYPE="Payment" ACTION="Create">
            <DATE>20230902</DATE>
            <VOUCHERTYPENAME>Payment</VOUCHERTYPENAME>
            <NARRATION>NEFT HDFC0000234 TECHPARK ESTATES LLP OFFICE RENT SEP 2023</NARRATION>
            <ALLLEDGERENTRIES.LIST>
              <LEDGERNAME>NEFT HDFC0000234 TECHPARK ESTATES LLP OFFICE RENT SEP 2023</LEDGERNAME>
              <ISDEEMEDPOSITIVE>Yes</ISDEEMEDPOSITIVE>
              <AMOUNT>-185000.0</AMOUNT>
            </ALLLEDGERENTRIES.LIST>
            <ALLLEDGERENTRIES.LIST>
              <LEDGERNAME>HDFC Bank</LEDGERNAME>
              <ISDEEMEDPOSITIVE>No</ISDEEMEDPOSITIVE>
              <AMOUNT>185000.0</AMOUNT>
            </ALLLEDGERENTRIES.LIST>
          </VOUCHER>
        </TALLYMESSAGE>
        <TALLYMESSAGE xmlns:UDF="TallyUDF">
          <VOUCHER VCHTYPE="Payment" ACTION="Create">
            <DATE>20230905</DATE>
            <VOUCHERTYPENAME>Payment</VOUCHERTYPENAME>
            <NARRATION>RTGS ICIC0000567 CLOUDINFRA SERVICES AWS USAGE BILL AUG CYCLE</NARRATION>
            <ALLLEDGERENTRIES.LIST>
              <LEDGERNAME>RTGS ICIC0000567 CLOUDINFRA SERVICES AWS USAGE BILL AUG CYCLE</LEDGERNAME>
              <ISDEEMEDPOSITIVE>Yes</ISDEEMEDPOSITIVE>
              <AMOUNT>-320000.0</AMOUNT>
            </ALLLEDGERENTRIES.LIST>
            <ALLLEDGERENTRIES.LIST>
              <LEDGERNAME>HDFC Bank</LEDGERNAME>
              <ISDEEMEDPOSITIVE>No</ISDEEMEDPOSITIVE>
              <AMOUNT>320000.0</AMOUNT>
            </ALLLEDGERENTRIES.LIST>
          </VOUCHER>
        </TALLYMESSAGE>
        <TALLYMESSAGE xmlns:UDF="TallyUDF">
          <VOUCHER VCHTYPE="Payment" ACTION="Create">
            <DATE>20230907</DATE>
            <VOUCHERTYPENAME>Payment</VOUCHERTYPENAME>
            <NARRATION>BULK NEFT SALARY SEP 2023 5 EMPLOYEES PROCESSED LIMITED</NARRATION>
            <ALLLEDGERENTRIES.LIST>
              <LEDGERNAME>BULK NEFT SALARY SEP 2023 5 EMPLOYEES PROCESSED LIMITED</LEDGERNAME>
              <ISDEEMEDPOSITIVE>Yes</ISDEEMEDPOSITIVE>
              <AMOUNT>-405500.0</AMOUNT>
            </ALLLEDGERENTRIES.LIST>
            <ALLLEDGERENTRIES.LIST>
              <LEDGERNAME>HDFC Bank</LEDGERNAME>
              <ISDEEMEDPOSITIVE>No</ISDEEMEDPOSITIVE>
              <AMOUNT>405500.0</AMOUNT>
            </ALLLEDGERENTRIES.LIST>
          </VOUCHER>
        </TALLYMESSAGE>
        <TALLYMESSAGE xmlns:UDF="TallyUDF">
          <VOUCHER VCHTYPE="Receipt" ACTION="Create">
            <DATE>20230910</DATE>
            <VOUCHERTYPENAME>Receipt</VOUCHERTYPENAME>
            <NARRATION>RTGS HDFC0004365 NEXGEN SOFTWARE LLP PROJECT PHASE 2 MILESTONE</NARRATION>
            <ALLLEDGERENTRIES.LIST>
              <LEDGERNAME>RTGS HDFC0004365 NEXGEN SOFTWARE LLP PROJECT PHASE 2 MILESTONE</LEDGERNAME>
              <ISDEEMEDPOSITIVE>No</ISDEEMEDPOSITIVE>
              <AMOUNT>940400.0</AMOUNT>
            </ALLLEDGERENTRIES.LIST>
            <ALLLEDGERENTRIES.LIST>
              <LEDGERNAME>HDFC Bank</LEDGERNAME>
              <ISDEEMEDPOSITIVE>Yes</ISDEEMEDPOSITIVE>
              <AMOUNT>-940400.0</AMOUNT>
            </ALLLEDGERENTRIES.LIST>
          </VOUCHER>
        </TALLYMESSAGE>
        <TALLYMESSAGE xmlns:UDF="TallyUDF">
          <VOUCHER VCHTYPE="Payment" ACTION="Create">
            <DATE>20230912</DATE>
            <VOUCHERTYPENAME>Payment</VOUCHERTYPENAME>
            <NARRATION>NEFT AXIS0007890 LINKEDIN INDIA RECRUITMENT ADS SEP CAMPAIGN</NARRATION>
            <ALLLEDGERENTRIES.LIST>
              <LEDGERNAME>NEFT AXIS0007890 LINKEDIN INDIA RECRUITMENT ADS SEP CAMPAIGN</LEDGERNAME>
              <ISDEEMEDPOSITIVE>Yes</ISDEEMEDPOSITIVE>
              <AMOUNT>-32000.0</AMOUNT>
            </ALLLEDGERENTRIES.LIST>
            <ALLLEDGERENTRIES.LIST>
              <LEDGERNAME>HDFC Bank</LEDGERNAME>
              <ISDEEMEDPOSITIVE>No</ISDEEMEDPOSITIVE>
              <AMOUNT>32000.0</AMOUNT>
            </ALLLEDGERENTRIES.LIST>
          </VOUCHER>
        </TALLYMESSAGE>
        <TALLYMESSAGE xmlns:UDF="TallyUDF">
          <VOUCHER VCHTYPE="Payment" ACTION="Create">
            <DATE>20230915</DATE>
            <VOUCHERTYPENAME>Payment</VOUCHERTYPENAME>
            <NARRATION>NEFT SBIN0007654 ADVANCE TAX Q2 AY 2024 25 CHALLAN NO 280</NARRATION>
            <ALLLEDGERENTRIES.LIST>
              <LEDGERNAME>NEFT SBIN0007654 ADVANCE TAX Q2 AY 2024 25 CHALLAN NO 280</LEDGERNAME>
              <ISDEEMEDPOSITIVE>Yes</ISDEEMEDPOSITIVE>
              <AMOUNT>-155000.0</AMOUNT>
            </ALLLEDGERENTRIES.LIST>
            <ALLLEDGERENTRIES.LIST>
              <LEDGERNAME>HDFC Bank</LEDGERNAME>
              <ISDEEMEDPOSITIVE>No</ISDEEMEDPOSITIVE>
              <AMOUNT>155000.0</AMOUNT>
            </ALLLEDGERENTRIES.LIST>
          </VOUCHER>
        </TALLYMESSAGE>
        <TALLYMESSAGE xmlns:UDF="TallyUDF">
          <VOUCHER VCHTYPE="Payment" ACTION="Create">
            <DATE>20230918</DATE>
            <VOUCHERTYPENAME>Payment</VOUCHERTYPENAME>
            <NARRATION>CLEARTRIP BIZ FLT MUM CHN 3 PAX ANNUAL REVIEW</NARRATION>
            <ALLLEDGERENTRIES.LIST>
              <LEDGERNAME>CLEARTRIP BIZ FLT MUM CHN 3 PAX ANNUAL REVIEW</LEDGERNAME>
              <ISDEEMEDPOSITIVE>Yes</ISDEEMEDPOSITIVE>
              <AMOUNT>-24500.0</AMOUNT>
            </ALLLEDGERENTRIES.LIST>
            <ALLLEDGERENTRIES.LIST>
              <LEDGERNAME>HDFC Bank</LEDGERNAME>
              <ISDEEMEDPOSITIVE>No</ISDEEMEDPOSITIVE>
              <AMOUNT>24500.0</AMOUNT>
            </ALLLEDGERENTRIES.LIST>
          </VOUCHER>
        </TALLYMESSAGE>
        <TALLYMESSAGE xmlns:UDF="TallyUDF">
          <VOUCHER VCHTYPE="Payment" ACTION="Create">
            <DATE>20230922</DATE>
            <VOUCHERTYPENAME>Payment</VOUCHERTYPENAME>
            <NARRATION>NEFT HDFC0001234 ELECBILL MSEDCL ELECTRICITY BILL SEP 2023</NARRATION>
            <ALLLEDGERENTRIES.LIST>
              <LEDGERNAME>NEFT HDFC0001234 ELECBILL MSEDCL ELECTRICITY BILL SEP 2023</LEDGERNAME>
              <ISDEEMEDPOSITIVE>Yes</ISDEEMEDPOSITIVE>
              <AMOUNT>-26600.0</AMOUNT>
            </ALLLEDGERENTRIES.LIST>
            <ALLLEDGERENTRIES.LIST>
              <LEDGERNAME>HDFC Bank</LEDGERNAME>
              <ISDEEMEDPOSITIVE>No</ISDEEMEDPOSITIVE>
              <AMOUNT>26600.0</AMOUNT>
            </ALLLEDGERENTRIES.LIST>
          </VOUCHER>
        </TALLYMESSAGE>
        <TALLYMESSAGE xmlns:UDF="TallyUDF">
          <VOUCHER VCHTYPE="Payment" ACTION="Create">
            <DATE>20230925</DATE>
            <VOUCHERTYPENAME>Payment</VOUCHERTYPENAME>
            <NARRATION>CREDIT CARD AUTOPAY TAD CORPORATE CARD STMT SEP</NARRATION>
            <ALLLEDGERENTRIES.LIST>
              <LEDGERNAME>CREDIT CARD AUTOPAY TAD CORPORATE CARD STMT SEP</LEDGERNAME>
              <ISDEEMEDPOSITIVE>Yes</ISDEEMEDPOSITIVE>
              <AMOUNT>-81900.0</AMOUNT>
            </ALLLEDGERENTRIES.LIST>
            <ALLLEDGERENTRIES.LIST>
              <LEDGERNAME>HDFC Bank</LEDGERNAME>
              <ISDEEMEDPOSITIVE>No</ISDEEMEDPOSITIVE>
              <AMOUNT>81900.0</AMOUNT>
            </ALLLEDGERENTRIES.LIST>
          </VOUCHER>
        </TALLYMESSAGE>
        <TALLYMESSAGE xmlns:UDF="TallyUDF">
          <VOUCHER VCHTYPE="Payment" ACTION="Create">
            <DATE>20230928</DATE>
            <VOUCHERTYPENAME>Payment</VOUCHERTYPENAME>
            <NARRATION>NEFT HDFC0009012 PRIMECAB CORPORATE CAB SERVICES Q2 — STAFF</NARRATION>
            <ALLLEDGERENTRIES.LIST>
              <LEDGERNAME>NEFT HDFC0009012 PRIMECAB CORPORATE CAB SERVICES Q2 — STAFF</LEDGERNAME>
              <ISDEEMEDPOSITIVE>Yes</ISDEEMEDPOSITIVE>
              <AMOUNT>-48000.0</AMOUNT>
            </ALLLEDGERENTRIES.LIST>
            <ALLLEDGERENTRIES.LIST>
              <LEDGERNAME>HDFC Bank</LEDGERNAME>
              <ISDEEMEDPOSITIVE>No</ISDEEMEDPOSITIVE>
              <AMOUNT>48000.0</AMOUNT>
            </ALLLEDGERENTRIES.LIST>
          </VOUCHER>
        </TALLYMESSAGE>
        <TALLYMESSAGE xmlns:UDF="TallyUDF">
          <VOUCHER VCHTYPE="Receipt" ACTION="Create">
            <DATE>20230930</DATE>
            <VOUCHERTYPENAME>Receipt</VOUCHERTYPENAME>
            <NARRATION>CREDIT INTEREST CAPITALISED LIMITED</NARRATION>
            <ALLLEDGERENTRIES.LIST>
              <LEDGERNAME>CREDIT INTEREST CAPITALISED LIMITED</LEDGERNAME>
              <ISDEEMEDPOSITIVE>No</ISDEEMEDPOSITIVE>
              <AMOUNT>7200.0</AMOUNT>
            </ALLLEDGERENTRIES.LIST>
            <ALLLEDGERENTRIES.LIST>
              <LEDGERNAME>HDFC Bank</LEDGERNAME>
              <ISDEEMEDPOSITIVE>Yes</ISDEEMEDPOSITIVE>
              <AMOUNT>-7200.0</AMOUNT>
            </ALLLEDGERENTRIES.LIST>
          </VOUCHER>
        </TALLYMESSAGE>
      </REQUESTDATA>
    </IMPORTDATA>
  </BODY>
</ENVELOPE>
