<?xml version="1.0" ?>
<ENVELOPE>
  <HEADER>
    <TALLYREQUEST>Import Data</TALLYREQUEST>
  </HEADER>
  <BODY>
    <IMPORTDATA>
      <REQUESTDESC>
        <REPORTNAME>Vouchers</REPORTNAME>
        <STATICVARIABLES>
          <SVCURRENTCOMPANY>My Company</SVCURRENTCOMPANY>
        </STATICVARIABLES>
      </REQUESTDESC>
      <REQUESTDATA>
        <TALLYMESSAGE xmlns:UDF="TallyUDF">
          <VOUCHER VCHTYPE="Payment" ACTION="Create">
            <DATE>20230403</DATE>
            <VOUCHERTYPENAME>Payment</VOUCHERTYPENAME>
            <NARRATION>NEFT HDFC0000234 TECHPARK ESTATES LLP OFFICE RENT APR 2023</NARRATION>
            <ALLLEDGERENTRIES.LIST>
              <LEDGERNAME>NEFT HDFC0000234 TECHPARK ESTATES LLP OFFICE RENT APR 2023</LEDGERNAME>
              <ISDEEMEDPOSITIVE>Yes</ISDEEMEDPOSITIVE>
              <AMOUNT>-185000.0</AMOUNT>
            </ALLLEDGERENTRIES.LIST>
            <ALLLEDGERENTRIES.LIST>
              <LEDGERNAME>HDFC Bank</LEDGERNAME>
              <ISDEEMEDPOSITIVE>No</ISDEEMEDPOSITIVE>
              <AMOUNT>185000.0</AMOUNT>
            </ALLLEDGERENTRIES.LIST>
          </VOUCHER>
        </TALLYMESSAGE>
        <TALLYMESSAGE xmlns:UDF="TallyUDF">
          <VOUCHER VCHTYPE="Payment" ACTION="Create">
            <DATE>20230405</DATE>
            <VOUCHERTYPENAME>Payment</VOUCHERTYPENAME>
            <NARRATION>RTGS ICIC0000567 CLOUDINFRA SERVICES AWS GCP VENDOR BILL APR</NARRATION>
            <ALLLEDGERENTRIES.LIST>
              <LEDGERNAME>RTGS ICIC0000567 CLOUDINFRA SERVICES AWS GCP VENDOR BILL APR</LEDGERNAME>
              <ISDEEMEDPOSITIVE>Yes</ISDEEMEDPOSITIVE>
              <AMOUNT>-320000.0</AMOUNT>
            </ALLLEDGERENTRIES.LIST>
            <ALLLEDGERENTRIES.LIST>
              <LEDGERNAME>HDFC Bank</LEDGERNAME>
              <ISDEEMEDPOSITIVE>No</ISDEEMEDPOSITIVE>
              <AMOUNT>320000.0</AMOUNT>
            </ALLLEDGERENTRIES.LIST>
          </VOUCHER>
        </TALLYMESSAGE>
        <TALLYMESSAGE xmlns:UDF="TallyUDF">
          <VOUCHER VCHTYPE="Payment" ACTION="Create">
            <DATE>20230407</DATE>
            <VOUCHERTYPENAME>Payment</VOUCHERTYPENAME>
            <NARRATION>BULK NEFT SALARY APR 2023 PRANAV MEHTA Rs 95K | SNEHA IYER Rs 88K ROHAN DESAI Rs 72K | ANANYA SINGH Rs 68 5K</NARRATION>
            <ALLLEDGERENTRIES.LIST>
              <LEDGERNAME>BULK NEFT SALARY APR 2023 PRANAV MEHTA Rs 95K | SNEHA IYER Rs 88K ROHAN DESAI Rs 72K | ANANYA SINGH Rs 68 5K</LEDGERNAME>
              <ISDEEMEDPOSITIVE>Yes</ISDEEMEDPOSITIVE>
              <AMOUNT>-323500.0</AMOUNT>
            </ALLLEDGERENTRIES.LIST>
            <ALLLEDGERENTRIES.LIST>
              <LEDGERNAME>HDFC Bank</LEDGERNAME>
              <ISDEEMEDPOSITIVE>No</ISDEEMEDPOSITIVE>
              <AMOUNT>323500.0</AMOUNT>
            </ALLLEDGERENTRIES.LIST>
          </VOUCHER>
        </TALLYMESSAGE>
        <TALLYMESSAGE xmlns:UDF="TallyUDF">
          <VOUCHER VCHTYPE="Receipt" ACTION="Create">
            <DATE>20230410</DATE>
            <VOUCHERTYPENAME>Receipt</VOUCHERTYPENAME>
            <NARRATION>RTGS HDFC0004365 NEXGEN SOFTWARE LLP CLIENT PROJECT ADVANCE RECD</NARRATION>
            <ALLLEDGERENTRIES.LIST>
              <LEDGERNAME>RTGS HDFC0004365 NEXGEN SOFTWARE LLP CLIENT PROJECT ADVANCE RECD</LEDGERNAME>
              <ISDEEMEDPOSITIVE>No</ISDEEMEDPOSITIVE>
              <AMOUNT>1250000.0</AMOUNT>
            </ALLLEDGERENTRIES.LIST>
            <ALLLEDGERENTRIES.LIST>
              <LEDGERNAME>HDFC Bank</LEDGERNAME>
              <ISDEEMEDPOSITIVE>Yes</ISDEEMEDPOSITIVE>
              <AMOUNT>-1250000.0</AMOUNT>
            </ALLLEDGERENTRIES.LIST>
          </VOUCHER>
        </TALLYMESSAGE>
        <TALLYMESSAGE xmlns:UDF="TallyUDF">
          <VOUCHER VCHTYPE="Payment" ACTION="Create">
            <DATE>20230412</DATE>
            <VOUCHERTYPENAME>Payment</VOUCHERTYPENAME>
            <NARRATION>NEFT ICIC0009876 DIGITAL SPARK MEDIA MARKETING CAMPAIGN APR Q1</NARRATION>
            <ALLLEDGERENTRIES.LIST>
              <LEDGERNAME>NEFT ICIC0009876 DIGITAL SPARK MEDIA MARKETING CAMPAIGN APR Q1</LEDGERNAME>
              <ISDEEMEDPOSITIVE>Yes</ISDEEMEDPOSITIVE>
              <AMOUNT>-45000.0</AMOUNT>
            </ALLLEDGERENTRIES.LIST>
            <ALLLEDGERENTRIES.LIST>
              <LEDGERNAME>HDFC Bank</LEDGERNAME>
              <ISDEEMEDPOSITIVE>No</ISDEEMEDPOSITIVE>
              <AMOUNT>45000.0</AMOUNT>
            </ALLLEDGERENTRIES.LIST>
          </VOUCHER>
        </TALLYMESSAGE>
        <TALLYMESSAGE xmlns:UDF="TallyUDF">
          <VOUCHER VCHTYPE="Payment" ACTION="Create">
            <DATE>20230414</DATE>
            <VOUCHERTYPENAME>Payment</VOUCHERTYPENAME>
            <NARRATION>MAKEMYTRIP BIZ FLIGHT BLR HYD TEAM OFFSITE</NARRATION>
            <ALLLEDGERENTRIES.LIST>
              <LEDGERNAME>MAKEMYTRIP BIZ FLIGHT BLR HYD TEAM OFFSITE</LEDGERNAME>
              <ISDEEMEDPOSITIVE>Yes</ISDEEMEDPOSITIVE>
              <AMOUNT>-28600.0</AMOUNT>
            </ALLLEDGERENTRIES.LIST>
            <ALLLEDGERENTRIES.LIST>
              <LEDGERNAME>HDFC Bank</LEDGERNAME>
              <ISDEEMEDPOSITIVE>No</ISDEEMEDPOSITIVE>
              <AMOUNT>28600.0</AMOUNT>
            </ALLLEDGERENTRIES.LIST>
          </VOUCHER>
        </TALLYMESSAGE>
        <TALLYMESSAGE xmlns:UDF="TallyUDF">
          <VOUCHER VCHTYPE="Payment" ACTION="Create">
            <DATE>20230417</DATE>
            <VOUCHERTYPENAME>Payment</VOUCHERTYPENAME>
            <NARRATION>NEFT HDFC0005678 SOFTLICENCE HUB MICROSOFT 365 ANNUAL RENEWAL</NARRATION>
            <ALLLEDGERENTRIES.LIST>
              <LEDGERNAME>NEFT HDFC0005678 SOFTLICENCE HUB MICROSOFT 365 ANNUAL RENEWAL</LEDGERNAME>
              <ISDEEMEDPOSITIVE>Yes</ISDEEMEDPOSITIVE>
              <AMOUNT>-110000.0</AMOUNT>
            </ALLLEDGERENTRIES.LIST>
            <ALLLEDGERENTRIES.LIST>
              <LEDGERNAME>HDFC Bank</LEDGERNAME>
              <ISDEEMEDPOSITIVE>No</ISDEEMEDPOSITIVE>
              <AMOUNT>110000.0</AMOUNT>
            </ALLLEDGERENTRIES.LIST>
          </VOUCHER>
        </TALLYMESSAGE>
        <TALLYMESSAGE xmlns:UDF="TallyUDF">
          <VOUCHER VCHTYPE="Payment" ACTION="Create">
            <DATE>20230420</DATE>
            <VOUCHERTYPENAME>Payment</VOUCHERTYPENAME>
            <NARRATION>NEFT SBIN0007654 GST PAYMENT APR 23 GSTN: 27AABCA1234B1Z5</NARRATION>
            <ALLLEDGERENTRIES.LIST>
              <LEDGERNAME>NEFT SBIN0007654 GST PAYMENT APR 23 GSTN: 27AABCA1234B1Z5</LEDGERNAME>
              <ISDEEMEDPOSITIVE>Yes</ISDEEMEDPOSITIVE>
              <AMOUNT>-78500.0</AMOUNT>
            </ALLLEDGERENTRIES.LIST>
            <ALLLEDGERENTRIES.LIST>
              <LEDGERNAME>HDFC Bank</LEDGERNAME>
              <ISDEEMEDPOSITIVE>No</ISDEEMEDPOSITIVE>
              <AMOUNT>78500.0</AMOUNT>
            </ALLLEDGERENTRIES.LIST>
          </VOUCHER>
        </TALLYMESSAGE>
        <TALLYMESSAGE xmlns:UDF="TallyUDF">
          <VOUCHER VCHTYPE="Payment" ACTION="Create">
            <DATE>20230422</DATE>
            <VOUCHERTYPENAME>Payment</VOUCHERTYPENAME>
            <NARRATION>RTGS HDFC0008901 INFOSEC SOLUTIONS CYBER SECURITY AUDIT FEES</NARRATION>
            <ALLLEDGERENTRIES.LIST>
              <LEDGERNAME>RTGS HDFC0008901 INFOSEC SOLUTIONS CYBER SECURITY AUDIT FEES</LEDGERNAME>
              <ISDEEMEDPOSITIVE>Yes</ISDEEMEDPOSITIVE>
              <AMOUNT>-75000.0</AMOUNT>
            </ALLLEDGERENTRIES.LIST>
            <ALLLEDGERENTRIES.LIST>
              <LEDGERNAME>HDFC Bank</LEDGERNAME>
              <ISDEEMEDPOSITIVE>No</ISDEEMEDPOSITIVE>
              <AMOUNT>75000.0</AMOUNT>
            </ALLLEDGERENTRIES.LIST>
          </VOUCHER>
        </TALLYMESSAGE>
        <TALLYMESSAGE xmlns:UDF="TallyUDF">
          <VOUCHER VCHTYPE="Payment" ACTION="Create">
            <DATE>20230425</DATE>
            <VOUCHERTYPENAME>Payment</VOUCHERTYPENAME>
            <NARRATION>CREDIT CARD AUTOPAY TAD CORPORATE CARD STMT APR</NARRATION>
            <ALLLEDGERENTRIES.LIST>
              <LEDGERNAME>CREDIT CARD AUTOPAY TAD CORPORATE CARD STMT APR</LEDGERNAME>
              <ISDEEMEDPOSITIVE>Yes</ISDEEMEDPOSITIVE>
              <AMOUNT>-38200.0</AMOUNT>
            </ALLLEDGERENTRIES.LIST>
            <ALLLEDGERENTRIES.LIST>
              <LEDGERNAME>HDFC Bank</LEDGERNAME>
              <ISDEEMEDPOSITIVE>No</ISDEEMEDPOSITIVE>
              <AMOUNT>38200.0</AMOUNT>
            </ALLLEDGERENTRIES.LIST>
          </VOUCHER>
        </TALLYMESSAGE>
        <TALLYMESSAGE xmlns:UDF="TallyUDF">
          <VOUCHER VCHTYPE="Payment" ACTION="Create">
            <DATE>20230428</DATE>
            <VOUCHERTYPENAME>Payment</VOUCHERTYPENAME>
            <NARRATION>NEFT AXIS0004567 FINTAX ADVISORY PROFESSIONAL FEES Q1 FY24</NARRATION>
            <ALLLEDGERENTRIES.LIST>
              <LEDGERNAME>NEFT AXIS0004567 FINTAX ADVISORY PROFESSIONAL FEES Q1 FY24</LEDGERNAME>
              <ISDEEMEDPOSITIVE>Yes</ISDEEMEDPOSITIVE>
              <AMOUNT>-55000.0</AMOUNT>
            </ALLLEDGERENTRIES.LIST>
            <ALLLEDGERENTRIES.LIST>
              <LEDGERNAME>HDFC Bank</LEDGERNAME>
              <ISDEEMEDPOSITIVE>No</ISDEEMEDPOSITIVE>
              <AMOUNT>55000.0</AMOUNT>
            </ALLLEDGERENTRIES.LIST>
          </VOUCHER>
        </TALLYMESSAGE>
        <TALLYMESSAGE xmlns:UDF="TallyUDF">
          <VOUCHER VCHTYPE="Receipt" ACTION="Create">
            <DATE>20230430</DATE>
            <VOUCHERTYPENAME>Receipt</VOUCHERTYPENAME>
            <NARRATION>CREDIT INTEREST CAPITALISED</NARRATION>
            <ALLLEDGERENTRIES.LIST>
              <LEDGERNAME>CREDIT INTEREST CAPITALISED</LEDGERNAME>
              <ISDEEMEDPOSITIVE>No</ISDEEMEDPOSITIVE>
              <AMOUNT>2840.0</AMOUNT>
            </ALLLEDGERENTRIES.LIST>
            <ALLLEDGERENTRIES.LIST>
              <LEDGERNAME>HDFC Bank</LEDGERNAME>
              <ISDEEMEDPOSITIVE>Yes</ISDEEMEDPOSITIVE>
              <AMOUNT>-2840.0</AMOUNT>
            </ALLLEDGERENTRIES.LIST>
          </VOUCHER>
        </TALLYMESSAGE>
        <TALLYMESSAGE xmlns:UDF="TallyUDF">
          <VOUCHER VCHTYPE="Payment" ACTION="Create">
            <DATE>20230503</DATE>
            <VOUCHERTYPENAME>Payment</VOUCHERTYPENAME>
            <NARRATION>NEFT HDFC0000234 TECHPARK ESTATES LLP OFFICE RENT MAY 2023 LIMITED</NARRATION>
            <ALLLEDGERENTRIES.LIST>
              <LEDGERNAME>NEFT HDFC0000234 TECHPARK ESTATES LLP OFFICE RENT MAY 2023 LIMITED</LEDGERNAME>
              <ISDEEMEDPOSITIVE>Yes</ISDEEMEDPOSITIVE>
              <AMOUNT>-185000.0</AMOUNT>
            </ALLLEDGERENTRIES.LIST>
            <ALLLEDGERENTRIES.LIST>
              <LEDGERNAME>HDFC Bank</LEDGERNAME>
              <ISDEEMEDPOSITIVE>No</ISDEEMEDPOSITIVE>
              <AMOUNT>185000.0</AMOUNT>
            </ALLLEDGERENTRIES.LIST>
          </VOUCHER>
        </TALLYMESSAGE>
        <TALLYMESSAGE xmlns:UDF="TallyUDF">
          <VOUCHER VCHTYPE="Payment" ACTION="Create">
            <DATE>20230505</DATE>
            <VOUCHERTYPENAME>Payment</VOUCHERTYPENAME>
            <NARRATION>RTGS ICIC0000567 CLOUDINFRA SERVICES AWS USAGE BILL APR CYCLE</NARRATION>
            <ALLLEDGERENTRIES.LIST>
              <LEDGERNAME>RTGS ICIC0000567 CLOUDINFRA SERVICES AWS USAGE BILL APR CYCLE</LEDGERNAME>
              <ISDEEMEDPOSITIVE>Yes</ISDEEMEDPOSITIVE>
              <AMOUNT>-287400.0</AMOUNT>
            </ALLLEDGERENTRIES.LIST>
            <ALLLEDGERENTRIES.LIST>
              <LEDGERNAME>HDFC Bank</LEDGERNAME>
              <ISDEEMEDPOSITIVE>No</ISDEEMEDPOSITIVE>
              <AMOUNT>287400.0</AMOUNT>
            </ALLLEDGERENTRIES.LIST>
          </VOUCHER>
        </TALLYMESSAGE>
        <TALLYMESSAGE xmlns:UDF="TallyUDF">
          <VOUCHER VCHTYPE="Payment" ACTION="Create">
            <DATE>20230507</DATE>
            <VOUCHERTYPENAME>Payment</VOUCHERTYPENAME>
            <NARRATION>BULK NEFT SALARY MAY 2023 4 EMPLOYEES — SAME STRUCTURE AS APR</NARRATION>
            <ALLLEDGERENTRIES.LIST>
              <LEDGERNAME>BULK NEFT SALARY MAY 2023 4 EMPLOYEES — SAME STRUCTURE AS APR</LEDGERNAME>
              <ISDEEMEDPOSITIVE>Yes</ISDEEMEDPOSITIVE>
              <AMOUNT>-323500.0</AMOUNT>
            </ALLLEDGERENTRIES.LIST>
            <ALLLEDGERENTRIES.LIST>
              <LEDGERNAME>HDFC Bank</LEDGERNAME>
              <ISDEEMEDPOSITIVE>No</ISDEEMEDPOSITIVE>
              <AMOUNT>323500.0</AMOUNT>
            </ALLLEDGERENTRIES.LIST>
          </VOUCHER>
        </TALLYMESSAGE>
        <TALLYMESSAGE xmlns:UDF="TallyUDF">
          <VOUCHER VCHTYPE="Receipt" ACTION="Create">
            <DATE>20230510</DATE>
            <VOUCHERTYPENAME>Receipt</VOUCHERTYPENAME>
            <NARRATION>RTGS HDFC0004365 NEXGEN SOFTWARE LLP PROJECT MILESTONE 1 PAYMENT</NARRATION>
            <ALLLEDGERENTRIES.LIST>
              <LEDGERNAME>RTGS HDFC0004365 NEXGEN SOFTWARE LLP PROJECT MILESTONE 1 PAYMENT</LEDGERNAME>
              <ISDEEMEDPOSITIVE>No</ISDEEMEDPOSITIVE>
              <AMOUNT>1875000.0</AMOUNT>
            </ALLLEDGERENTRIES.LIST>
            <ALLLEDGERENTRIES.LIST>
              <LEDGERNAME>HDFC Bank</LEDGERNAME>
              <ISDEEMEDPOSITIVE>Yes</ISDEEMEDPOSITIVE>
              <AMOUNT>-1875000.0</AMOUNT>
            </ALLLEDGERENTRIES.LIST>
          </VOUCHER>
        </TALLYMESSAGE>
        <TALLYMESSAGE xmlns:UDF="TallyUDF">
          <VOUCHER VCHTYPE="Payment" ACTION="Create">
            <DATE>20230512</DATE>
            <VOUCHERTYPENAME>Payment</VOUCHERTYPENAME>
            <NARRATION>NEFT ICIC0009876 DIGITAL SPARK MEDIA SEO &amp; CONTENT MARKETING MAY</NARRATION>
            <ALLLEDGERENTRIES.LIST>
              <LEDGERNAME>NEFT ICIC0009876 DIGITAL SPARK MEDIA SEO &amp; CONTENT MARKETING MAY</LEDGERNAME>
              <ISDEEMEDPOSITIVE>Yes</ISDEEMEDPOSITIVE>
              <AMOUNT>-45000.0</AMOUNT>
            </ALLLEDGERENTRIES.LIST>
            <ALLLEDGERENTRIES.LIST>
              <LEDGERNAME>HDFC Bank</LEDGERNAME>
              <ISDEEMEDPOSITIVE>No</ISDEEMEDPOSITIVE>
              <AMOUNT>45000.0</AMOUNT>
            </ALLLEDGERENTRIES.LIST>
          </VOUCHER>
        </TALLYMESSAGE>
        <TALLYMESSAGE xmlns:UDF="TallyUDF">
          <VOUCHER VCHTYPE="Payment" ACTION="Create">
            <DATE>20230515</DATE>
            <VOUCHERTYPENAME>Payment</VOUCHERTYPENAME>
            <NARRATION>OYO BUSINESS ACCOM HYDERABAD OFFSITE 3N 4D</NARRATION>
            <ALLLEDGERENTRIES.LIST>
              <LEDGERNAME>OYO BUSINESS ACCOM HYDERABAD OFFSITE 3N 4D</LEDGERNAME>
              <ISDEEMEDPOSITIVE>Yes</ISDEEMEDPOSITIVE>
              <AMOUNT>-42000.0</AMOUNT>
            </ALLLEDGERENTRIES.LIST>
            <ALLLEDGERENTRIES.LIST>
              <LEDGERNAME>HDFC Bank</LEDGERNAME>
              <ISDEEMEDPOSITIVE>No</ISDEEMEDPOSITIVE>
              <AMOUNT>42000.0</AMOUNT>
            </ALLLEDGERENTRIES.LIST>
          </VOUCHER>
        </TALLYMESSAGE>
        <TALLYMESSAGE xmlns:UDF="TallyUDF">
          <VOUCHER VCHTYPE="Payment" ACTION="Create">
            <DATE>20230518</DATE>
            <VOUCHERTYPENAME>Payment</VOUCHERTYPENAME>
            <NARRATION>NEFT SBIN0007654 ADVANCE TAX Q1 AY 2024 25 CHALLAN NO 280</NARRATION>
            <ALLLEDGERENTRIES.LIST>
              <LEDGERNAME>NEFT SBIN0007654 ADVANCE TAX Q1 AY 2024 25 CHALLAN NO 280</LEDGERNAME>
              <ISDEEMEDPOSITIVE>Yes</ISDEEMEDPOSITIVE>
              <AMOUNT>-108000.0</AMOUNT>
            </ALLLEDGERENTRIES.LIST>
            <ALLLEDGERENTRIES.LIST>
              <LEDGERNAME>HDFC Bank</LEDGERNAME>
              <ISDEEMEDPOSITIVE>No</ISDEEMEDPOSITIVE>
              <AMOUNT>108000.0</AMOUNT>
            </ALLLEDGERENTRIES.LIST>
          </VOUCHER>
        </TALLYMESSAGE>
        <TALLYMESSAGE xmlns:UDF="TallyUDF">
          <VOUCHER VCHTYPE="Payment" ACTION="Create">
            <DATE>20230520</DATE>
            <VOUCHERTYPENAME>Payment</VOUCHERTYPENAME>
            <NARRATION>NEFT HDFC0009012 ERGODESK SOLUTIONS OFFICE FURNITURE 12 UNITS</NARRATION>
            <ALLLEDGERENTRIES.LIST>
              <LEDGERNAME>NEFT HDFC0009012 ERGODESK SOLUTIONS OFFICE FURNITURE 12 UNITS</LEDGERNAME>
              <ISDEEMEDPOSITIVE>Yes</ISDEEMEDPOSITIVE>
              <AMOUNT>-96000.0</AMOUNT>
            </ALLLEDGERENTRIES.LIST>
            <ALLLEDGERENTRIES.LIST>
              <LEDGERNAME>HDFC Bank</LEDGERNAME>
              <ISDEEMEDPOSITIVE>No</ISDEEMEDPOSITIVE>
              <AMOUNT>96000.0</AMOUNT>
            </ALLLEDGERENTRIES.LIST>
          </VOUCHER>
        </TALLYMESSAGE>
        <TALLYMESSAGE xmlns:UDF="TallyUDF">
          <VOUCHER VCHTYPE="Payment" ACTION="Create">
            <DATE>20230522</DATE>
            <VOUCHERTYPENAME>Payment</VOUCHERTYPENAME>
            <NARRATION>RTGS KOTAK0001122 NETPLUS ILINK LEASED LINE RENEWAL 1 YR</NARRATION>
            <ALLLEDGERENTRIES.LIST>
              <LEDGERNAME>RTGS KOTAK0001122 NETPLUS ILINK LEASED LINE RENEWAL 1 YR</LEDGERNAME>
              <ISDEEMEDPOSITIVE>Yes</ISDEEMEDPOSITIVE>
              <AMOUNT>-120000.0</AMOUNT>
            </ALLLEDGERENTRIES.LIST>
            <ALLLEDGERENTRIES.LIST>
              <LEDGERNAME>HDFC Bank</LEDGERNAME>
              <ISDEEMEDPOSITIVE>No</ISDEEMEDPOSITIVE>
              <AMOUNT>120000.0</AMOUNT>
            </ALLLEDGERENTRIES.LIST>
          </VOUCHER>
        </TALLYMESSAGE>
        <TALLYMESSAGE xmlns:UDF="TallyUDF">
          <VOUCHER VCHTYPE="Payment" ACTION="Create">
            <DATE>20230525</DATE>
            <VOUCHERTYPENAME>Payment</VOUCHERTYPENAME>
            <NARRATION>CREDIT CARD AUTOPAY TAD CORPORATE CARD STMT MAY</NARRATION>
            <ALLLEDGERENTRIES.LIST>
              <LEDGERNAME>CREDIT CARD AUTOPAY TAD CORPORATE CARD STMT MAY</LEDGERNAME>
              <ISDEEMEDPOSITIVE>Yes</ISDEEMEDPOSITIVE>
              <AMOUNT>-52750.0</AMOUNT>
            </ALLLEDGERENTRIES.LIST>
            <ALLLEDGERENTRIES.LIST>
              <LEDGERNAME>HDFC Bank</LEDGERNAME>
              <ISDEEMEDPOSITIVE>No</ISDEEMEDPOSITIVE>
              <AMOUNT>52750.0</AMOUNT>
            </ALLLEDGERENTRIES.LIST>
          </VOUCHER>
        </TALLYMESSAGE>
        <TALLYMESSAGE xmlns:UDF="TallyUDF">
          <VOUCHER VCHTYPE="Receipt" ACTION="Create">
            <DATE>20230531</DATE>
            <VOUCHERTYPENAME>Receipt</VOUCHERTYPENAME>
            <NARRATION>CREDIT INTEREST CAPITALISED</NARRATION>
            <ALLLEDGERENTRIES.LIST>
              <LEDGERNAME>CREDIT INTEREST CAPITALISED</LEDGERNAME>
              <ISDEEMEDPOSITIVE>No</ISDEEMEDPOSITIVE>
              <AMOUNT>3610.0</AMOUNT>
            </ALLLEDGERENTRIES.LIST>
            <ALLLEDGERENTRIES.LIST>
              <LEDGERNAME>HDFC Bank</LEDGERNAME>
              <ISDEEMEDPOSITIVE>Yes</ISDEEMEDPOSITIVE>
              <AMOUNT>-3610.0</AMOUNT>
            </ALLLEDGERENTRIES.LIST>
          </VOUCHER>
        </TALLYMESSAGE>
        <TALLYMESSAGE xmlns:UDF="TallyUDF">
          <VOUCHER VCHTYPE="Payment" ACTION="Create">
            <DATE>20230602</DATE>
            <VOUCHERTYPENAME>Payment</VOUCHERTYPENAME>
            <NARRATION>NEFT HDFC0000234 TECHPARK ESTATES LLP OFFICE RENT JUN 2023</NARRATION>
            <ALLLEDGERENTRIES.LIST>
              <LEDGERNAME>NEFT HDFC0000234 TECHPARK ESTATES LLP OFFICE RENT JUN 2023</LEDGERNAME>
              <ISDEEMEDPOSITIVE>Yes</ISDEEMEDPOSITIVE>
              <AMOUNT>-185000.0</AMOUNT>
            </ALLLEDGERENTRIES.LIST>
            <ALLLEDGERENTRIES.LIST>
              <LEDGERNAME>HDFC Bank</LEDGERNAME>
              <ISDEEMEDPOSITIVE>No</ISDEEMEDPOSITIVE>
              <AMOUNT>185000.0</AMOUNT>
            </ALLLEDGERENTRIES.LIST>
          </VOUCHER>
        </TALLYMESSAGE>
        <TALLYMESSAGE xmlns:UDF="TallyUDF">
          <VOUCHER VCHTYPE="Payment" ACTION="Create">
            <DATE>20230605</DATE>
            <VOUCHERTYPENAME>Payment</VOUCHERTYPENAME>
            <NARRATION>RTGS ICIC0000567 CLOUDINFRA SERVICES AWS USAGE BILL MAY CYCLE</NARRATION>
            <ALLLEDGERENTRIES.LIST>
              <LEDGERNAME>RTGS ICIC0000567 CLOUDINFRA SERVICES AWS USAGE BILL MAY CYCLE</LEDGERNAME>
              <ISDEEMEDPOSITIVE>Yes</ISDEEMEDPOSITIVE>
              <AMOUNT>-311200.0</AMOUNT>
            </ALLLEDGERENTRIES.LIST>
            <ALLLEDGERENTRIES.LIST>
              <LEDGERNAME>HDFC Bank</LEDGERNAME>
              <ISDEEMEDPOSITIVE>No</ISDEEMEDPOSITIVE>
              <AMOUNT>311200.0</AMOUNT>
            </ALLLEDGERENTRIES.LIST>
          </VOUCHER>
        </TALLYMESSAGE>
        <TALLYMESSAGE xmlns:UDF="TallyUDF">
          <VOUCHER VCHTYPE="Payment" ACTION="Create">
            <DATE>20230607</DATE>
            <VOUCHERTYPENAME>Payment</VOUCHERTYPENAME>
            <NARRATION>BULK NEFT SALARY JUN 2023 4 EMPLOYEES PROCESSED LIMITED</NARRATION>
            <ALLLEDGERENTRIES.LIST>
              <LEDGERNAME>BULK NEFT SALARY JUN 2023 4 EMPLOYEES PROCESSED LIMITED</LEDGERNAME>
              <ISDEEMEDPOSITIVE>Yes</ISDEEMEDPOSITIVE>
              <AMOUNT>-323500.0</AMOUNT>
            </ALLLEDGERENTRIES.LIST>
            <ALLLEDGERENTRIES.LIST>
              <LEDGERNAME>HDFC Bank</LEDGERNAME>
              <ISDEEMEDPOSITIVE>No</ISDEEMEDPOSITIVE>
              <AMOUNT>323500.0</AMOUNT>
            </ALLLEDGERENTRIES.LIST>
          </VOUCHER>
        </TALLYMESSAGE>
        <TALLYMESSAGE xmlns:UDF="TallyUDF">
          <VOUCHER VCHTYPE="Receipt" ACTION="Create">
            <DATE>20230609</DATE>
            <VOUCHERTYPENAME>Receipt</VOUCHERTYPENAME>
            <NARRATION>RTGS HDFC0004365 NEXGEN SOFTWARE LLP Q1 PROJECT COMPLETION PAYMENT</NARRATION>
            <ALLLEDGERENTRIES.LIST>
              <LEDGERNAME>RTGS HDFC0004365 NEXGEN SOFTWARE LLP Q1 PROJECT COMPLETION PAYMENT</LEDGERNAME>
              <ISDEEMEDPOSITIVE>No</ISDEEMEDPOSITIVE>
              <AMOUNT>2200000.0</AMOUNT>
            </ALLLEDGERENTRIES.LIST>
            <ALLLEDGERENTRIES.LIST>
              <LEDGERNAME>HDFC Bank</LEDGERNAME>
              <ISDEEMEDPOSITIVE>Yes</ISDEEMEDPOSITIVE>
              <AMOUNT>-2200000.0</AMOUNT>
            </ALLLEDGERENTRIES.LIST>
          </VOUCHER>
        </TALLYMESSAGE>
        <TALLYMESSAGE xmlns:UDF="TallyUDF">
          <VOUCHER VCHTYPE="Payment" ACTION="Create">
            <DATE>20230612</DATE>
            <VOUCHERTYPENAME>Payment</VOUCHERTYPENAME>
            <NARRATION>NEFT AXIS0007890 LINKEDIN INDIA RECRUITMENT ADS JUN CAMPAIGN</NARRATION>
            <ALLLEDGERENTRIES.LIST>
              <LEDGERNAME>NEFT AXIS0007890 LINKEDIN INDIA RECRUITMENT ADS JUN CAMPAIGN</LEDGERNAME>
              <ISDEEMEDPOSITIVE>Yes</ISDEEMEDPOSITIVE>
              <AMOUNT>-32000.0</AMOUNT>
            </ALLLEDGERENTRIES.LIST>
            <ALLLEDGERENTRIES.LIST>
              <LEDGERNAME>HDFC Bank</LEDGERNAME>
              <ISDEEMEDPOSITIVE>No</ISDEEMEDPOSITIVE>
              <AMOUNT>32000.0</AMOUNT>
            </ALLLEDGERENTRIES.LIST>
          </VOUCHER>
        </TALLYMESSAGE>
        <TALLYMESSAGE xmlns:UDF="TallyUDF">
          <VOUCHER VCHTYPE="Payment" ACTION="Create">
            <DATE>20230614</DATE>
            <VOUCHERTYPENAME>Payment</VOUCHERTYPENAME>
            <NARRATION>CLEARTRIP BIZ FLT MUM DEL MUM SALES TEAM</NARRATION>
            <ALLLEDGERENTRIES.LIST>
              <LEDGERNAME>CLEARTRIP BIZ FLT MUM DEL MUM SALES TEAM</LEDGERNAME>
              <ISDEEMEDPOSITIVE>Yes</ISDEEMEDPOSITIVE>
              <AMOUNT>-18400.0</AMOUNT>
            </ALLLEDGERENTRIES.LIST>
            <ALLLEDGERENTRIES.LIST>
              <LEDGERNAME>HDFC Bank</LEDGERNAME>
              <ISDEEMEDPOSITIVE>No</ISDEEMEDPOSITIVE>
              <AMOUNT>18400.0</AMOUNT>
            </ALLLEDGERENTRIES.LIST>
          </VOUCHER>
        </TALLYMESSAGE>
        <TALLYMESSAGE xmlns:UDF="TallyUDF">
          <VOUCHER VCHTYPE="Payment" ACTION="Create">
            <DATE>20230616</DATE>
            <VOUCHERTYPENAME>Payment</VOUCHERTYPENAME>
            <NARRATION>NEFT SBIN0007654 GST PAYMENT JUN 23 GSTN: 27AABCA1234B1Z5</NARRATION>
            <ALLLEDGERENTRIES.LIST>
              <LEDGERNAME>NEFT SBIN0007654 GST PAYMENT JUN 23 GSTN: 27AABCA1234B1Z5</LEDGERNAME>
              <ISDEEMEDPOSITIVE>Yes</ISDEEMEDPOSITIVE>
              <AMOUNT>-55000.0</AMOUNT>
            </ALLLEDGERENTRIES.LIST>
            <ALLLEDGERENTRIES.LIST>
              <LEDGERNAME>HDFC Bank</LEDGERNAME>
              <ISDEEMEDPOSITIVE>No</ISDEEMEDPOSITIVE>
              <AMOUNT>55000.0</AMOUNT>
            </ALLLEDGERENTRIES.LIST>
          </VOUCHER>
        </TALLYMESSAGE>
        <TALLYMESSAGE xmlns:UDF="TallyUDF">
          <VOUCHER VCHTYPE="Payment" ACTION="Create">
            <DATE>20230619</DATE>
            <VOUCHERTYPENAME>Payment</VOUCHERTYPENAME>
            <NARRATION>NEFT HDFC0003456 ZENDESK INDIA SUPPORT TOOL ANNUAL LICENSE</NARRATION>
            <ALLLEDGERENTRIES.LIST>
              <LEDGERNAME>NEFT HDFC0003456 ZENDESK INDIA SUPPORT TOOL ANNUAL LICENSE</LEDGERNAME>
              <ISDEEMEDPOSITIVE>Yes</ISDEEMEDPOSITIVE>
              <AMOUNT>-84000.0</AMOUNT>
            </ALLLEDGERENTRIES.LIST>
            <ALLLEDGERENTRIES.LIST>
              <LEDGERNAME>HDFC Bank</LEDGERNAME>
              <ISDEEMEDPOSITIVE>No</ISDEEMEDPOSITIVE>
              <AMOUNT>84000.0</AMOUNT>
            </ALLLEDGERENTRIES.LIST>
          </VOUCHER>
        </TALLYMESSAGE>
        <TALLYMESSAGE xmlns:UDF="TallyUDF">
          <VOUCHER VCHTYPE="Payment" ACTION="Create">
            <DATE>20230625</DATE>
            <VOUCHERTYPENAME>Payment</VOUCHERTYPENAME>
            <NARRATION>CREDIT CARD AUTOPAY TAD CORPORATE CARD STMT JUN</NARRATION>
            <ALLLEDGERENTRIES.LIST>
              <LEDGERNAME>CREDIT CARD AUTOPAY TAD CORPORATE CARD STMT JUN</LEDGERNAME>
              <ISDEEMEDPOSITIVE>Yes</ISDEEMEDPOSITIVE>
              <AMOUNT>-61300.0</AMOUNT>
            </ALLLEDGERENTRIES.LIST>
            <ALLLEDGERENTRIES.LIST>
              <LEDGERNAME>HDFC Bank</LEDGERNAME>
              <ISDEEMEDPOSITIVE>No</ISDEEMEDPOSITIVE>
              <AMOUNT>61300.0</AMOUNT>
            </ALLLEDGERENTRIES.LIST>
          </VOUCHER>
        </TALLYMESSAGE>
        <TALLYMESSAGE xmlns:UDF="TallyUDF">
          <VOUCHER VCHTYPE="Payment" ACTION="Create">
            <DATE>20230628</DATE>
            <VOUCHERTYPENAME>Payment</VOUCHERTYPENAME>
            <NARRATION>NEFT HDFC0001234 ELECBILL MSEDCL ELECTRICITY BILL JUN 2023</NARRATION>
            <ALLLEDGERENTRIES.LIST>
              <LEDGERNAME>NEFT HDFC0001234 ELECBILL MSEDCL ELECTRICITY BILL JUN 2023</LEDGERNAME>
              <ISDEEMEDPOSITIVE>Yes</ISDEEMEDPOSITIVE>
              <AMOUNT>-22400.0</AMOUNT>
            </ALLLEDGERENTRIES.LIST>
            <ALLLEDGERENTRIES.LIST>
              <LEDGERNAME>HDFC Bank</LEDGERNAME>
              <ISDEEMEDPOSITIVE>No</ISDEEMEDPOSITIVE>
              <AMOUNT>22400.0</AMOUNT>
            </ALLLEDGERENTRIES.LIST>
          </VOUCHER>
        </TALLYMESSAGE>
        <TALLYMESSAGE xmlns:UDF="TallyUDF">
          <VOUCHER VCHTYPE="Receipt" ACTION="Create">
            <DATE>20230630</DATE>
            <VOUCHERTYPENAME>Receipt</VOUCHERTYPENAME>
            <NARRATION>CREDIT INTEREST CAPITALISED LIMITED</NARRATION>
            <ALLLEDGERENTRIES.LIST>
              <LEDGERNAME>CREDIT INTEREST CAPITALISED LIMITED</LEDGERNAME>
              <ISDEEMEDPOSITIVE>No</ISDEEMEDPOSITIVE>
              <AMOUNT>4980.0</AMOUNT>
            </ALLLEDGERENTRIES.LIST>
            <ALLLEDGERENTRIES.LIST>
              <LEDGERNAME>HDFC Bank</LEDGERNAME>
              <ISDEEMEDPOSITIVE>Yes</ISDEEMEDPOSITIVE>
              <AMOUNT>-4980.0</AMOUNT>
            </ALLLEDGERENTRIES.LIST>
          </VOUCHER>
        </TALLYMESSAGE>
      </REQUESTDATA>
    </IMPORTDATA>
  </BODY>
</ENVELOPE>
